2978 5136
249 244 295 327 18
527 245 618 327 Vita
646 244 812 327 Haroldi
835 245 963 354 Regis.

241 473 278 531 et
294 457 389 557 quast
407 473 620 530 emortuum.
673 455 861 530 Haroldus
886 456 950 530 hac
975 472 1120 556 repente
1137 459 1251 529 taetus

240 595 279 643 ac
305 568 525 670 proſtrastus¹
551 569 731 662 molestia;
759 595 840 644 cum
866 568 990 643 ceteris
1012 568 1094 643 esset
1118 567 1249 642 merori

239 681 336 757 tum²
370 681 549 783 presertim
577 683 671 784 regi.
715 683 756 757 fit
784 681 941 783 precipui
971 679 1070 757 causa
1099 681 1247 757 doloris.

239 796 353 871 Hunc
376 797 470 872 enim
487 799 585 872 velut
603 798 759 898 quodam
785 795 943 898 presagio
959 796 1166 872 futurorum
1184 822 1254 896 pre·

238 909 361 985 ceteris
401 937 521 986 carum
558 910 681 985 habuit
717 928 753 986 et
786 910 978 1003 dilcdum3
1015 935 1097 984 cum
1132 908 1250 1010 stirpis

237 1022 332 1098 illius
366 1023 535 1126 quosdam
564 1022 733 1122 suspedos
763 1023 917 1098 habuisse
943 1023 1081 1100 dicatur
1111 1023 1251 1124 aliqua·

236 1154 340 1212 tenus
357 1154 393 1212 et
411 1136 549 1212 invisos.
603 1138 713 1234 Quod
739 1136 799 1211 fibi
823 1164 929 1237 penes
946 1163 1066 1240 regem
1084 1135 1248 1211 unctissi-

236 1276 336 1325 mum
359 1250 562 1328 dileccionis
585 1268 622 1325 et
641 1249 756 1352 gracie
785 1250 1013 1353 privilegium
1036 1277 1110 1326 non
1134 1249 1256 1341 affini-t

236 1363 320 1439 tatis
343 1363 538 1466 quamlibet
562 1381 663 1466 grata
685 1364 932 1465 propinquitas
959 1391 1031 1440 non
1060 1363 1249 1465 probitatis

236 1504 308 1552 non
337 1477 502 1552 industrie
527 1476 710 1578 singularis
731 1476 861 1578 quibus
878 1495 952 1553 erat
976 1476 1136 1578 preditus
1158 1477 1247 1552 emi-

235 1589 380 1682 nentia;
425 1589 537 1664 immo
564 1589 635 1664 sola
669 1589 800 1664 celestis
834 1589 1018 1690 inspiracio
1051 1590 1248 1665 conciliasse

235 1701 424 1779 estimatur.
478 1702 664 1778 Probabile
688 1702 784 1778 enim
806 1702 887 1778 satis
910 1705 958 1778 esl
974 1705 1019 1779 ad
1035 1702 1188 1805 gloriam
1208 1702 1245 1778 in

233 1816 298 1890 hac
311 1833 410 1916 parte
420 1815 578 1891 Haroldi
591 1817 675 1919 quia
685 1816 740 1890 vir
757 1820 838 1891 Deo
855 1818 982 1917 plenus
993 1875 1001 1892 .
1013 1815 1198 1918 divinique
1208 1815 1245 1891 in

235 1929 360 2004 multis
385 1929 515 2004 consilii
534 1956 607 2004 non
624 1931 768 2032 ignarus
790 1957 833 2005 eo
849 1928 1114 2032 indulgentius⁸
1130 1929 1246 2031 ipsum

234 2045 403 2121 amaverit
420 2073 494 2147 quo
511 2063 722 2148 perpetuum
739 2046 777 2121 in
795 2046 878 2122 celis
896 2046 1018 2147 pocius
1035 2046 1244 2121 coheredem

235 2187 343 2262 quam
374 2160 410 2234 in
440 2160 544 2235 terris
573 2160 632 2235 fibi
664 2159 826 2236 futurum
853 2160 1058 2261 previdebat
1084 2185 1247 2234 momen-

236 2290 380 2347 taneum
404 2272 636 2349 successorem.
688 2273 821 2349 Direeci
843 2273 953 2375 igitur
975 2272 1067 2375 regis
1090 2299 1112 2348 a
1136 2274 1246 2348 latere

235 2387 373 2479 medici,
401 2414 537 2463 necnon
565 2405 601 2462 et
624 2387 683 2462 alii
707 2405 814 2490 atque
844 2387 902 2463 alii
931 2414 1032 2488 prece
1056 2387 1246 2490 precipque

236 2501 417 2577 hincinde
442 2501 554 2577 alleui
575 2560 583 2576 .
602 2519 767 2602 egrotum
789 2501 962 2592 ambiunt,
989 2503 1088 2603 quod
1108 2527 1164 2576 ars
1186 2500 1245 2576 seu

19 2594 21 2598 Α
174 2703 177 2707 .
236 2615 433 2715 conjedura
463 2613 617 2717 suggerit
648 2615 826 2691 exierunt⁴
851 2673 860 2690 .
888 2614 945 2690 sed
975 2614 1245 2715 Omnipotentis

236 2755 381 2804 manum
411 2729 502 2804 vires
530 2728 715 2805 hominum
743 2730 959 2806 ammoverc⁶
987 2756 1059 2805 non
1090 2730 1243 2832 possunt.

236 2842 403 2918 Pervenit
421 2841 513 2917 sama
531 2843 662 2918 tristior
679 2846 723 2920 ad
749 2871 849 2920 aures
866 2846 1150 2921 Alemannorum
1177 2842 1244 2918 im-

236 2955 406 3057 peratoris
431 3013 440 3030 .
465 2956 527 3058 qui
568 2956 642 3057 regi
673 2959 880 3059 Anglorum
916 2958 1084 3033 affinitate
1124 2956 1244 3056 proxi-

235 3094 314 3143 mus
341 3127 349 3143 .
375 3070 565 3146 dileccione
590 3087 626 3144 et
656 3070 810 3145 amicicia
836 3089 909 3146 erat
937 3069 1242 3173 eonjunedffimus.

234 3182 337 3258 Huic
376 3183 533 3259 medicus
570 3183 716 3285 quidam
749 3185 891 3259 nomine
925 3185 1095 3260 Ailardus
1139 3183 1244 3258 fami-

234 3295 329 3370 liaris
356 3315 431 3371 erat
458 3355 466 3373 .
492 3323 600 3398 quem
625 3314 662 3371 et
687 3297 772 3372 artis
797 3296 855 3373 sue
877 3299 1011 3398 duplex
1037 3296 1243 3373 exercicium

233 3409 361 3511 pericia
386 3427 423 3484 et
458 3410 674 3512 experiencia
699 3412 814 3486 multa
846 3411 1014 3488 reddebat
1049 3410 1246 3512 probatissi-

233 3549 361 3599 mum.
381 3541 417 3598 et
447 3525 546 3625 quod
577 3524 688 3625 pluris
715 3525 763 3600 est
795 3524 895 3600 favor
921 3524 1065 3601 divinus
1093 3524 1130 3599 in
1161 3551 1245 3626 pro-

233 3640 386 3713 curanda
398 3636 561 3739 sospitate
573 3637 842 3741 languencium:
861 3638 1022 3714 exhibuit
1035 3637 1242 3742 graciosum.

274 3825 286 3866 ¹
307 3827 415 3899 H.M.;
436 3830 594 3908 prostratus,
608 3829 648 3889 G.

273 3908 286 3949 ²
306 3907 367 3980 H.;
380 3924 489 3982 tantun,
505 3910 570 3982 M.;
585 3925 704 3982 tantum,
720 3910 759 3970 G.
820 3909 834 3950 ³
855 3911 947 3971 HM.
959 3935 968 3980 3
982 3909 1152 3988 diligentius,
1168 3909 1208 3969 G.

272 3990 285 4029 ⁴
306 3989 415 4061 H.M.;
436 3992 592 4064 excierunt,
608 3992 648 4052 G.
821 3992 834 4033 ⁶
855 3993 965 4062 H.M.;
986 4012 1126 4063 amovere,
1141 3990 1181 4050 G.
