3000 5152
304 275 306 278 >
494 337 584 418 Vita
612 283 778 449 Haroldi
801 339 930 454 Regii.
975 374 977 378 ·
1044 448 1090 456 Η
1159 339 1212 449 67
1299 427 1302 432 ,
1404 416 1412 429 ,,

154 538 162 596 ’ἶ
204 532 495 647 fiavisjustorum
515 543 694 628 ¹sanctitate
721 603 730 619 .
757 572 865 647 quam
894 546 1008 621 dulcis
1035 563 1077 628 et,
1101 547 1214 623 suavis
1320 540 1322 545 ¹

204 658 254 752 est
270 657 466 733 sanctorum
483 661 650 750 Sanctus:
676 657 837 760 factuque
860 662 958 746 ducit
978 661 1155 760 optimum
1177 663 1215 737 i‘n

204 771 384 875 reliquum
410 797 531 846 vacare
560 773 697 872 plenius
727 828 746 846 .
767 791 809 847 ut
838 773 956 848 videat
986 774 1177 874 persoccius
1205 817 1231 850 .·
1301 773 1305 780 ’

147 972 149 977 ,
206 885 287 962 sciat
303 886 438 963 felicius
450 887 533 988 quia
548 885 728 979 Dominus
750 886 823 988 ipse
844 887 893 961 est
917 890 1027 982 Deus.
1080 891 1216 965 Verum
1262 934 1265 938 ·
1392 890 1395 896 ’

186 1025 251 1077 ,ηε
290 1000 482 1100 ¹corporalis
501 1095 503 1100 ,
524 1000 670 1074 vacacio'
700 1016 740 1074 ut
783 999 831 1075 est
865 999 1034 1076 familiare
1068 1001 1217 1077 incautis
1314 1010 1323 1084 J
1381 1033 1383 1037 ’

201 1113 325 1187 animo
342 1111 486 1187 inferret
512 1111 635 1186 feriato
659 1111 839 1212 ignaviam
864 1130 925 1187 aut
951 1117 1159 1214 torporem.
1178 1108 1228 1188 in‘
1268 1167 1269 1170 ,
1346 1117 1347 1120 ’

156 1286 159 1291 .
202 1225 265 1300 illa
287 1216 503 1326 potillimum
520 1250 643 1300 vacare
667 1241 761 1299 terra
786 1243 822 1300 et
848 1222 1022 1326 quiescere
1047 1218 1229 1329 preelegit*¹

202 1365 248 1416 ex
277 1339 379 1440 cujus
392 1360 395 1365 ·
408 1338 565 1413 incolatu
595 1336 766 1437 patiencie
781 1354 823 1412 ‘et
852 1339 1088 1440 benignitatis
1103 1341 1217 1443 majus

202 1447 408 1555 eeiercitium
438 1449 624 1552 majusque·
648 1468 917 1551 argumentum:
952 1451 1158 1530 habiturum
1184 1451 1217 1530 se
1263 1465 1265 1469 ’

203 1565 515 1665 exhibiturumque
565 1565 727 1664 previdit.
800 1566 941 1638 Sciebat
959 1563 973 1585 ⁵
990 1563 1217 1665 perfeccionis

189 1680 344 1752 'culmen
362 1678 463 1779 cujus
479 1678 708 1779 peecore‘jam
725 1678 874 1753 dilatato
890 1677 1032 1779 gerebat
1049 1681 1217 1779 amplitu-

201 1790 355 1865 dinem.
383 1792 420 1864 in
438 1808 481 1864 ¹eo
506 1816 614 1890 quam
640 1789 792 1864 maxime
814 1790 971 1865 eminere
996 1793 1095 1893 quod
1121 1793 1216 1866 filius
1234 1857 1249 1872 ,,

187 1903 412 2003 Ιιιήἱςιεηὶῐιιε
428 1901 555 1977 summi
573 1905 682 2003 patris
696 1894 865 1977 ¹frutribus
877 1904 1055 2003 adoptivis
1064 1904 1217 1999 indicere
1251 1906 1253 1911 ’

152 2060 154 2064 »
204 2016 375 2117 dignatus
404 2015 452 2090 est
477 2032 514 2090 et
533 2019 698 2101 docere.
725 2016 853 2090 Orate¹
866 2070 892 2090 ·.
920 2016 1118 2118 inquiens.
1144 2039 1213 2116 pro
1266 2094 1267 2097 ,
1294 2083 1297 2114 5

164 2121 499 2204 'calumniantibus
528 2145 562 2202 er
588 2131 876 2229 persequentibus
898 2155 961 2203 vos
994 2187 1003 2204 .
1033 2132 1241 2227 benefacite

201 2246 274 2316 hiis
292 2247 353 2342 qui
374 2243 521 2316 oderunt
537 2268 601 2317 uus
621 2300 629 2316 .
649 2257 689 2316 ut
704 2244 787 2336 fitis
800 2244 876 2334 filii
886 2246 1009 2341 patris
1026 2244 1134 2336 uestri
1151 2247 1213 2343 qui

201 2359 239 2430 iu
257 2357 336 2429 celis
352 2356 399 2446 est
424 2359 483 2454 qui
499 2359 597 2453 facit
611 2358 720 2452 solem
731 2360 838 2451 suum
864 2359 958 2430 oriri
964 2436 967 2442 A
970 2358 1082 2454 super
1107 2358 1211 2431 bonos

203 2483 238 2543 et
282 2469 389 2542 malos
434 2526 443 2543 .
486 2484 519 2541 et
555 2470 668 2571 pluit·
682 2472 795 2568 super
820 2470 942 2566 justos
984 2485 1027 2575 ιζ
1056 2470 1208 2566 injustos.

186 2581 371 2682 ·Aspirans
400 2583 512 2684 igitur
539 2585 745 2683 precordiali
771 2585 896 2658 affeetu
916 2584 971 2660 'ad
992 2608 1074 2657 vere
1104 2583 1211 2684 hujus
1225 2607 1241 2655 r.
1257 2623 1284 2669 17
1294 2613 1320 2671 ur

146 2758 149 2764 .
201 2685 427 2795 perfeccionis
448 2697 616 2771 meritum
636 2698 869 2796 etpremium
889 2699 934 2771 ad
959 2722 1067 2796 quarn
1087 2697 1211 2796 pocius

170 2844 172 2848 ’
200 2810 344 2888 tendere
361 2809 423 2883 vel
437 2809 474 2882 in
491 2834 563 2908 qua
577 2835 719 2884 manere
744 2826 836 2884 terra
859 2834 967 2910 quam
983 2808 1028 2883 ad
1055 2809 1153 2883 illam
1173 2825 1210 2884 et

156 2911 158 2914 Α
185 2921 238 3012 in
272 2921 332 2997 illa
365 2921 535 2997 debuille't
569 2949 638 3023 que
654 2916 656 2920 ⁴
672 2921 734 2997 tot
761 2921 811 2997 sui
838 2921 1094 3022 persecutores:
1120 2941 1210 3025 quot

200 3032 519 3134 illiuspollelsores
553 3092 573 3111 .‚
598 3053 691 3136 quot·
722 3037 759 3109 in
794 3036 855 3109 illa
888 3051 1052 3134 potentes
1084 3052 1149 3110 tot¹
1172 3035 1210 3112 'se

200 3149 385 3223 odientes.
405 3165 461 3223 tot
486 3148 596 3224 ferme
613 3148 645 3224 se
663 3151 938 3250 calumpniantes
960 3168 1050 3250 quot
1073 3149 1133 3223 libi
1152 3151 1209 3241 vel

200 3261 246 3334 de
263 3258 295 3334 se
318 3262 505 3362 loquentes
529 3262 697 3338 continet.
750 3264 828 3337 Nec
851 3277 1089 3337 vero'temere
1111 3263 1208 3365 jam:

200 3391 273 3446 tarn
291 3373 376 3448 forti
400 3373 433 3449 se
454 3375 565 3450 credit
589 3376 771 3450 certamini
792 3375 986 3451 committit
1007 3373 1208 3451 discrimini.

200 3487 287 3562 Non
314 3487 408 3561 enim
433 3489 573 3589 ignorat
599 3489 728 3563 interni
754 3488 805 3563 sui
831 3488 940 3563 robur
964 3487 1210 3563 inhabitatoris

197 3625 307 3698 quern
326 3600 543 3674 inhabitabat
561 3659 569 3675 .
588 3617 624 3676 et
641 3628 748 3703 aquo
760 3597 1020 3677 inhabitabatur
1032 3626 1096 3675 nec
1113 3620 1209 3676 veta-

200 3711 321 3787 batur²
362 3738 443 3787 cum
478 3713 633 3814 apostolo
672 3717 804 3792 dicere:
844 3715 918 3790 An³
951 3718 1209 3813 experimentum

198 3829 344 3922 queritis
361 3828 433 3924 ejus
450 3831 511 3927 qui
527 3831 565 3902 iu
582 3854 631 3903 me
647 3831 804 3929 loquitur
823 3832 1013 3925 Christus?

304 3986 316 4026 1
339 3986 426 4047 Mitt.
441 4008 469 4048 v.
483 4007 533 4068 44,
548 4004 626 4130 45¹.²
642 4071 710 4131 cor.
727 3991 892 4148 gul-{Mn
912 3995 1070 4066 verebatur,
1085 3995 1125 4056 G.
