<?xml version="1.0" encoding="UTF-8"?>
<!DOCTYPE html PUBLIC "-//W3C//DTD XHTML 1.0 Transitional//EN"
    "http://www.w3.org/TR/xhtml1/DTD/xhtml1-transitional.dtd">
<html xmlns="http://www.w3.org/1999/xhtml" xml:lang="en" lang="en">
 <head>
  <title>
</title>
<meta http-equiv="Content-Type" content="text/html;charset=utf-8" />
  <meta name='ocr-system' content='tesseract 3.04.00' />
  <meta name='ocr-capabilities' content='ocr_page ocr_carea ocr_par ocr_line ocrx_word'/>
</head>
<body>
  <div class='ocr_page' id='page_1' title='image "./vitaharoldiroma00musegoog_0064.png"; bbox 0 0 3000 5152; ppageno 0'>
   <div class='ocr_carea' id='block_1_1' title="bbox 405 299 1244 412">
    <p class='ocr_par' dir='ltr' id='par_1_1' title="bbox 405 299 1244 412">
     <span class='ocr_line' id='line_1_1' title="bbox 405 299 1244 412; baseline -0.002 -29"><span class='ocrx_word' id='word_1_1' title='bbox 405 386 408 393; x_wconf 63' lang='grc'><strong><em>,</em></strong></span> <span class='ocrx_word' id='word_1_2' title='bbox 531 302 621 383; x_wconf 86' lang='lat' dir='ltr'>Vita</span> <span class='ocrx_word' id='word_1_3' title='bbox 650 299 816 385; x_wconf 86' lang='lat' dir='ltr'>Haroldi</span> <span class='ocrx_word' id='word_1_4' title='bbox 839 302 968 412; x_wconf 85' lang='lat' dir='ltr'>Regis.</span> <span class='ocrx_word' id='word_1_5' title='bbox 1195 326 1244 404; x_wconf 89' lang='lat'>41</span> 
     </span>
    </p>
   </div>
   <div class='ocr_carea' id='block_1_2' title="bbox 241 511 1324 3794">
    <p class='ocr_par' dir='ltr' id='par_1_2' title="bbox 244 511 1251 1158">
     <span class='ocr_line' id='line_1_2' title="bbox 247 511 1250 588; baseline 0 -3"><span class='ocrx_word' id='word_1_6' title='bbox 247 511 418 586; x_wconf 86' lang='lat' dir='ltr'>menciani</span> <span class='ocrx_word' id='word_1_7' title='bbox 451 529 487 586; x_wconf 90' lang='lat' dir='ltr'>et</span> <span class='ocrx_word' id='word_1_8' title='bbox 528 513 706 588; x_wconf 84' lang='lat' dir='ltr'>lenitatem</span> <span class='ocrx_word' id='word_1_9' title='bbox 742 570 751 587; x_wconf 90' lang='lat'><strong>.</strong></span> <span class='ocrx_word' id='word_1_10' title='bbox 787 512 1004 587; x_wconf 81' lang='lat' dir='ltr'>contrahitur</span> <span class='ocrx_word' id='word_1_11' title='bbox 1022 521 1026 529; x_wconf 87' lang='grc'><strong>’</strong></span> <span class='ocrx_word' id='word_1_12' title='bbox 1044 511 1169 587; x_wconf 87' lang='lat' dir='ltr'>elatio:</span> <span class='ocrx_word' id='word_1_13' title='bbox 1213 511 1250 586; x_wconf 90' lang='lat' dir='ltr'>in</span> 
     </span>
     <span class='ocr_line' id='line_1_3' title="bbox 248 624 1251 728; baseline 0.003 -30"><span class='ocrx_word' id='word_1_14' title='bbox 248 625 481 700; x_wconf 83' lang='lat' dir='ltr'>humilitatem</span> <span class='ocrx_word' id='word_1_15' title='bbox 517 685 525 700; x_wconf 93' lang='lat'><strong>.</strong></span> <span class='ocrx_word' id='word_1_16' title='bbox 566 629 627 701; x_wconf 67' lang='lat' dir='ltr'>‘Set</span> <span class='ocrx_word' id='word_1_17' title='bbox 661 628 741 728; x_wconf 87' lang='lat' dir='ltr'>quis</span> <span class='ocrx_word' id='word_1_18' title='bbox 774 627 982 701; x_wconf 88' lang='lat' dir='ltr'>mutacionis</span> <span class='ocrx_word' id='word_1_19' title='bbox 1019 628 1106 702; x_wconf 83' lang='lat' dir='ltr'>adeo</span> <span class='ocrx_word' id='word_1_20' title='bbox 1144 624 1251 701; x_wconf 82' lang='lat' dir='ltr'>felicis</span> 
     </span>
     <span class='ocr_line' id='line_1_4' title="bbox 247 738 1250 840; baseline 0 -28"><span class='ocrx_word' id='word_1_21' title='bbox 247 738 403 813; x_wconf 79' lang='lat' dir='ltr'>universa</span> <span class='ocrx_word' id='word_1_22' title='bbox 426 744 699 816; x_wconf 85' lang='lat' dir='ltr'>commemoret?</span> <span class='ocrx_word' id='word_1_23' title='bbox 752 743 809 816; x_wconf 94' lang='lat' dir='ltr'>Ut</span> <span class='ocrx_word' id='word_1_24' title='bbox 834 742 1016 815; x_wconf 87' lang='lat' dir='ltr'>innumera</span> <span class='ocrx_word' id='word_1_25' title='bbox 1032 740 1106 815; x_wconf 85' lang='lat' dir='ltr'>vel¹</span> <span class='ocrx_word' id='word_1_26' title='bbox 1132 740 1250 840; x_wconf 88' lang='lat' dir='ltr'>paucis</span> 
     </span>
     <span class='ocr_line' id='line_1_5' title="bbox 245 853 1250 955; baseline 0.001 -28"><span class='ocrx_word' id='word_1_27' title='bbox 245 854 422 929; x_wconf 89' lang='lat' dir='ltr'>includam</span> <span class='ocrx_word' id='word_1_28' title='bbox 440 912 449 930; x_wconf 85' lang='lat'><strong>.</strong></span> <span class='ocrx_word' id='word_1_29' title='bbox 468 855 532 929; x_wconf 86' lang='lat' dir='ltr'>hac</span> <span class='ocrx_word' id='word_1_30' title='bbox 548 857 746 931; x_wconf 83' lang='lat' dir='ltr'>mutacione</span> <span class='ocrx_word' id='word_1_31' title='bbox 764 853 1042 955; x_wconf 84' lang='lat' dir='ltr'>concupiscencia</span> <span class='ocrx_word' id='word_1_32' title='bbox 1058 854 1169 928; x_wconf 82' lang='lat' dir='ltr'>carnis</span> <span class='ocrx_word' id='word_1_33' title='bbox 1186 911 1195 928; x_wconf 88' lang='lat'>.</span> <span class='ocrx_word' id='word_1_34' title='bbox 1213 872 1250 928; x_wconf 92' lang='lat' dir='ltr'>et</span> 
     </span>
     <span class='ocr_line' id='line_1_6' title="bbox 246 967 1248 1069; baseline 0 -27"><span class='ocrx_word' id='word_1_35' title='bbox 246 969 370 1044; x_wconf 90' lang='lat' dir='ltr'>mundi</span> <span class='ocrx_word' id='word_1_36' title='bbox 404 968 441 1043; x_wconf 90' lang='lat' dir='ltr'>in</span> <span class='ocrx_word' id='word_1_37' title='bbox 475 970 603 1043; x_wconf 86' lang='lat' dir='ltr'>horum</span> <span class='ocrx_word' id='word_1_38' title='bbox 639 967 731 1044; x_wconf 86' lang='lat' dir='ltr'>versa</span> <span class='ocrx_word' id='word_1_39' title='bbox 765 985 1008 1069; x_wconf 89' lang='lat' dir='ltr'>contemptum</span> <span class='ocrx_word' id='word_1_40' title='bbox 1036 984 1072 1043; x_wconf 88' lang='lat' dir='ltr'>et</span> <span class='ocrx_word' id='word_1_41' title='bbox 1106 968 1248 1046; x_wconf 85' lang='lat' dir='ltr'>odium:</span> 
     </span>
     <span class='ocr_line' id='line_1_7' title="bbox 244 1081 898 1158; baseline -0.002 -1"><span class='ocrx_word' id='word_1_42' title='bbox 244 1081 411 1157; x_wconf 79' lang='lat' dir='ltr'>desiderio</span> <span class='ocrx_word' id='word_1_43' title='bbox 426 1083 519 1158; x_wconf 79' lang='lat' dir='ltr'>oeffit</span> <span class='ocrx_word' id='word_1_44' title='bbox 534 1100 571 1158; x_wconf 92' lang='lat' dir='ltr'>et</span> <span class='ocrx_word' id='word_1_45' title='bbox 587 1084 696 1158; x_wconf 90' lang='lat' dir='ltr'>amori</span> <span class='ocrx_word' id='word_1_46' title='bbox 714 1082 898 1158; x_wconf 87' lang='lat' dir='ltr'>celestium.</span> 
     </span>
    </p>

    <p class='ocr_par' dir='ltr' id='par_1_3' title="bbox 241 1194 1324 3794">
     <span class='ocr_line' id='line_1_8' title="bbox 295 1194 1249 1298; baseline 0.001 -29"><span class='ocrx_word' id='word_1_47' title='bbox 295 1194 350 1270; x_wconf 91' lang='lat' dir='ltr'>Sic</span> <span class='ocrx_word' id='word_1_48' title='bbox 379 1196 422 1271; x_wconf 90' lang='lat' dir='ltr'>sic</span> <span class='ocrx_word' id='word_1_49' title='bbox 452 1214 617 1298; x_wconf 81' lang='lat' dir='ltr'>operante</span> <span class='ocrx_word' id='word_1_50' title='bbox 650 1199 791 1274; x_wconf 85' lang='lat' dir='ltr'>dextera</span> <span class='ocrx_word' id='word_1_51' title='bbox 825 1195 944 1270; x_wconf 84' lang='lat' dir='ltr'>excelsi</span> <span class='ocrx_word' id='word_1_52' title='bbox 978 1221 1039 1270; x_wconf 87' lang='lat' dir='ltr'>rex</span> <span class='ocrx_word' id='word_1_53' title='bbox 1064 1195 1182 1270; x_wconf 79' lang='lat' dir='ltr'>transit</span> <span class='ocrx_word' id='word_1_54' title='bbox 1212 1196 1249 1270; x_wconf 95' lang='lat' dir='ltr'>in</span> 
     </span>
     <span class='ocr_line' id='line_1_9' title="bbox 243 1308 1250 1413; baseline 0 -30"><span class='ocrx_word' id='word_1_55' title='bbox 243 1309 393 1384; x_wconf 86' lang='lat' dir='ltr'>militem</span> <span class='ocrx_word' id='word_1_56' title='bbox 416 1328 453 1384; x_wconf 89' lang='lat' dir='ltr'>et</span> <span class='ocrx_word' id='word_1_57' title='bbox 477 1311 626 1387; x_wconf 90' lang='lat' dir='ltr'>militem</span> <span class='ocrx_word' id='word_1_58' title='bbox 643 1311 787 1413; x_wconf 89' lang='lat' dir='ltr'>quidem</span> <span class='ocrx_word' id='word_1_59' title='bbox 805 1308 952 1385; x_wconf 88' lang='lat' dir='ltr'>Christi:</span> <span class='ocrx_word' id='word_1_60' title='bbox 979 1309 1148 1411; x_wconf 81' lang='lat' dir='ltr'>plusjam</span> <span class='ocrx_word' id='word_1_61' title='bbox 1166 1334 1250 1384; x_wconf 91' lang='lat' dir='ltr'>con-</span> 
     </span>
     <span class='ocr_line' id='line_1_10' title="bbox 242 1423 1250 1525; baseline 0 -29"><span class='ocrx_word' id='word_1_62' title='bbox 242 1439 381 1523; x_wconf 88' lang='lat' dir='ltr'>tempto</span> <span class='ocrx_word' id='word_1_63' title='bbox 397 1449 504 1525; x_wconf 89' lang='lat' dir='ltr'>quani</span> <span class='ocrx_word' id='word_1_64' title='bbox 528 1426 624 1525; x_wconf 89' lang='lat' dir='ltr'>prius</span> <span class='ocrx_word' id='word_1_65' title='bbox 641 1426 762 1524; x_wconf 91' lang='lat' dir='ltr'>cupito</span> <span class='ocrx_word' id='word_1_66' title='bbox 786 1449 896 1525; x_wconf 88' lang='lat' dir='ltr'>regno</span> <span class='ocrx_word' id='word_1_67' title='bbox 924 1424 1058 1500; x_wconf 90' lang='lat' dir='ltr'>mundi.</span> <span class='ocrx_word' id='word_1_68' title='bbox 1111 1423 1250 1496; x_wconf 83' lang='lat' dir='ltr'>Transit</span> 
     </span>
     <span class='ocr_line' id='line_1_11' title="bbox 242 1536 1250 1616; baseline -0.001 -5"><span class='ocrx_word' id='word_1_69' title='bbox 242 1562 305 1611; x_wconf 88' lang='lat' dir='ltr'>rex</span> <span class='ocrx_word' id='word_1_70' title='bbox 327 1537 364 1611; x_wconf 90' lang='lat' dir='ltr'>in</span> <span class='ocrx_word' id='word_1_71' title='bbox 387 1536 535 1613; x_wconf 91' lang='lat' dir='ltr'>militem</span> <span class='ocrx_word' id='word_1_72' title='bbox 553 1539 701 1614; x_wconf 84' lang='lat' dir='ltr'>efficitur</span> <span class='ocrx_word' id='word_1_73' title='bbox 720 1565 780 1614; x_wconf 86' lang='lat' dir='ltr'>rex</span> <span class='ocrx_word' id='word_1_74' title='bbox 803 1542 902 1616; x_wconf 87' lang='lat' dir='ltr'>miles</span> <span class='ocrx_word' id='word_1_75' title='bbox 921 1598 929 1614; x_wconf 88' lang='lat'><strong><em>.</em></strong></span> <span class='ocrx_word' id='word_1_76' title='bbox 948 1556 989 1615; x_wconf 93' lang='lat' dir='ltr'>ut</span> <span class='ocrx_word' id='word_1_77' title='bbox 1012 1539 1061 1612; x_wconf 91' lang='lat' dir='ltr'>ita</span> <span class='ocrx_word' id='word_1_78' title='bbox 1083 1536 1250 1611; x_wconf 88' lang='lat' dir='ltr'>efficiatur</span> 
     </span>
     <span class='ocr_line' id='line_1_12' title="bbox 243 1651 1324 1751; baseline 0.001 -27"><span class='ocrx_word' id='word_1_79' title='bbox 243 1651 344 1725; x_wconf 79' lang='lat' dir='ltr'>miles</span> <span class='ocrx_word' id='word_1_80' title='bbox 359 1676 432 1743; x_wconf 86' lang='lat' dir='ltr'>rex,</span> <span class='ocrx_word' id='word_1_81' title='bbox 449 1669 485 1739; x_wconf 66' lang='lat' dir='ltr'>et</span> <span class='ocrx_word' id='word_1_82' title='bbox 502 1679 564 1727; x_wconf 84' lang='lat' dir='ltr'>rex</span> <span class='ocrx_word' id='word_1_83' title='bbox 586 1652 685 1727; x_wconf 94' lang='lat' dir='ltr'>simul</span> <span class='ocrx_word' id='word_1_84' title='bbox 710 1679 750 1727; x_wconf 92' lang='lat' dir='ltr'>ac</span> <span class='ocrx_word' id='word_1_85' title='bbox 775 1655 874 1728; x_wconf 88' lang='lat' dir='ltr'>miles</span> <span class='ocrx_word' id='word_1_86' title='bbox 890 1651 1038 1729; x_wconf 87' lang='lat' dir='ltr'>transeat</span> <span class='ocrx_word' id='word_1_87' title='bbox 1051 1651 1100 1732; x_wconf 94' lang='lat' dir='ltr'>lin</span> <span class='ocrx_word' id='word_1_88' title='bbox 1118 1675 1248 1751; x_wconf 86' lang='lat' dir='ltr'>regern.</span> <span class='ocrx_word' id='word_1_89' title='bbox 1261 1664 1278 1711; x_wconf 73' lang='lat' dir='ltr'>s·</span> <span class='ocrx_word' id='word_1_90' title='bbox 1290 1676 1324 1711; x_wconf 85' lang='lat'>11·</span> 
     </span>
     <span class='ocr_line' id='line_1_13' title="bbox 244 1764 1249 1868; baseline 0.001 -30"><span class='ocrx_word' id='word_1_91' title='bbox 244 1765 298 1839; x_wconf 92' lang='lat' dir='ltr'>Illi</span> <span class='ocrx_word' id='word_1_92' title='bbox 316 1765 410 1840; x_wconf 88' lang='lat' dir='ltr'>enini</span> <span class='ocrx_word' id='word_1_93' title='bbox 430 1767 579 1841; x_wconf 90' lang='lat' dir='ltr'>militare</span> <span class='ocrx_word' id='word_1_94' title='bbox 599 1767 801 1868; x_wconf 80' lang='lat' dir='ltr'>aggreditur</span> <span class='ocrx_word' id='word_1_95' title='bbox 823 1769 923 1843; x_wconf 83' lang='lat' dir='ltr'>miles</span> <span class='ocrx_word' id='word_1_96' title='bbox 945 1767 1004 1842; x_wconf 81' lang='lat' dir='ltr'>isle</span> <span class='ocrx_word' id='word_1_97' title='bbox 1021 1766 1078 1840; x_wconf 92' lang='lat' dir='ltr'>cui</span> <span class='ocrx_word' id='word_1_98' title='bbox 1101 1764 1249 1839; x_wconf 89' lang='lat' dir='ltr'>militare</span> 
     </span>
     <span class='ocr_line' id='line_1_14' title="bbox 241 1877 1248 1981; baseline -0.002 -28"><span class='ocrx_word' id='word_1_99' title='bbox 241 1904 385 1980; x_wconf 88' lang='lat' dir='ltr'>regnare</span> <span class='ocrx_word' id='word_1_100' title='bbox 412 1877 461 1953; x_wconf 89' lang='lat' dir='ltr'>est</span> <span class='ocrx_word' id='word_1_101' title='bbox 489 1937 497 1953; x_wconf 94' lang='lat'><em>.</em></span> <span class='ocrx_word' id='word_1_102' title='bbox 529 1898 564 1954; x_wconf 90' lang='lat' dir='ltr'>et</span> <span class='ocrx_word' id='word_1_103' title='bbox 594 1905 737 1981; x_wconf 89' lang='lat' dir='ltr'>regnare</span> <span class='ocrx_word' id='word_1_104' title='bbox 764 1882 909 1981; x_wconf 91' lang='lat' dir='ltr'>quidem</span> <span class='ocrx_word' id='word_1_105' title='bbox 938 1880 975 1955; x_wconf 91' lang='lat' dir='ltr'>in</span> <span class='ocrx_word' id='word_1_106' title='bbox 1010 1877 1177 1979; x_wconf 88' lang='lat' dir='ltr'>presenti:</span> <span class='ocrx_word' id='word_1_107' title='bbox 1211 1878 1248 1952; x_wconf 94' lang='lat' dir='ltr'>in</span> 
     </span>
     <span class='ocr_line' id='line_1_15' title="bbox 241 1991 1249 2095; baseline -0.001 -29"><span class='ocrx_word' id='word_1_108' title='bbox 241 1991 362 2067; x_wconf 78' lang='lat' dir='ltr'>furino</span> <span class='ocrx_word' id='word_1_109' title='bbox 391 2018 611 2095; x_wconf 88' lang='lat' dir='ltr'>conregnare.</span> <span class='ocrx_word' id='word_1_110' title='bbox 666 1995 757 2070; x_wconf 90' lang='lat' dir='ltr'>Illud</span> <span class='ocrx_word' id='word_1_111' title='bbox 787 2020 872 2070; x_wconf 89' lang='lat' dir='ltr'>vero</span> <span class='ocrx_word' id='word_1_112' title='bbox 898 2018 1108 2094; x_wconf 89' lang='lat' dir='ltr'>conregnare</span> <span class='ocrx_word' id='word_1_113' title='bbox 1136 1993 1249 2066; x_wconf 91' lang='lat' dir='ltr'>multo</span> 
     </span>
     <span class='ocr_line' id='line_1_16' title="bbox 242 2104 1248 2209; baseline -0.001 -29"><span class='ocrx_word' id='word_1_114' title='bbox 242 2104 374 2181; x_wconf 81' lang='lat' dir='ltr'>felicius</span> <span class='ocrx_word' id='word_1_115' title='bbox 391 2133 497 2207; x_wconf 90' lang='lat' dir='ltr'>quam</span> <span class='ocrx_word' id='word_1_116' title='bbox 515 2107 605 2183; x_wconf 87' lang='lat' dir='ltr'>istud</span> <span class='ocrx_word' id='word_1_117' title='bbox 622 2133 765 2209; x_wconf 88' lang='lat' dir='ltr'>regnare</span> <span class='ocrx_word' id='word_1_118' title='bbox 782 2109 830 2182; x_wconf 93' lang='lat' dir='ltr'>est</span> <span class='ocrx_word' id='word_1_119' title='bbox 847 2110 945 2209; x_wconf 93' lang='lat' dir='ltr'>quod</span> <span class='ocrx_word' id='word_1_120' title='bbox 967 2125 1085 2182; x_wconf 86' lang='lat' dir='ltr'>tamen</span> <span class='ocrx_word' id='word_1_121' title='bbox 1105 2131 1248 2208; x_wconf 85' lang='lat' dir='ltr'>regnare</span> 
     </span>
     <span class='ocr_line' id='line_1_17' title="bbox 242 2217 1245 2322; baseline -0.002 -30"><span class='ocrx_word' id='word_1_122' title='bbox 242 2221 378 2295; x_wconf 89' lang='lat' dir='ltr'>mundo</span> <span class='ocrx_word' id='word_1_123' title='bbox 411 2236 446 2294; x_wconf 89' lang='lat' dir='ltr'>et</span> <span class='ocrx_word' id='word_1_124' title='bbox 480 2222 604 2296; x_wconf 91' lang='lat' dir='ltr'>mundi</span> <span class='ocrx_word' id='word_1_125' title='bbox 634 2247 745 2322; x_wconf 90' lang='lat' dir='ltr'>regno</span> <span class='ocrx_word' id='word_1_126' title='bbox 772 2220 952 2295; x_wconf 88' lang='lat' dir='ltr'>sublimius</span> <span class='ocrx_word' id='word_1_127' title='bbox 980 2237 1016 2293; x_wconf 89' lang='lat' dir='ltr'>et</span> <span class='ocrx_word' id='word_1_128' title='bbox 1046 2218 1159 2319; x_wconf 86' lang='lat' dir='ltr'>majus</span> <span class='ocrx_word' id='word_1_129' title='bbox 1188 2217 1245 2291; x_wconf 88' lang='lat' dir='ltr'>est.</span> 
     </span>
     <span class='ocr_line' id='line_1_18' title="bbox 245 2332 1245 2436; baseline -0.001 -30"><span class='ocrx_word' id='word_1_130' title='bbox 245 2334 439 2409; x_wconf 85' lang='lat' dir='ltr'>Militando</span> <span class='ocrx_word' id='word_1_131' title='bbox 466 2335 609 2435; x_wconf 89' lang='lat' dir='ltr'>quidem</span> <span class='ocrx_word' id='word_1_132' title='bbox 644 2352 766 2436; x_wconf 89' lang='lat' dir='ltr'>regnat</span> <span class='ocrx_word' id='word_1_133' title='bbox 796 2352 831 2410; x_wconf 88' lang='lat' dir='ltr'>et</span> <span class='ocrx_word' id='word_1_134' title='bbox 865 2334 1045 2436; x_wconf 90' lang='lat' dir='ltr'>regnando</span> <span class='ocrx_word' id='word_1_135' title='bbox 1078 2332 1206 2406; x_wconf 91' lang='lat' dir='ltr'>militat</span> <span class='ocrx_word' id='word_1_136' title='bbox 1237 2390 1245 2405; x_wconf 89' lang='lat'><em>.</em></span> 
     </span>
     <span class='ocr_line' id='line_1_19' title="bbox 242 2445 1247 2523; baseline -0.001 -3"><span class='ocrx_word' id='word_1_137' title='bbox 242 2448 354 2521; x_wconf 90' lang='lat' dir='ltr'>donec</span> <span class='ocrx_word' id='word_1_138' title='bbox 382 2463 496 2522; x_wconf 88' lang='lat' dir='ltr'>mutet</span> <span class='ocrx_word' id='word_1_139' title='bbox 523 2447 691 2523; x_wconf 87' lang='lat' dir='ltr'>mansuris</span> <span class='ocrx_word' id='word_1_140' title='bbox 721 2448 901 2523; x_wconf 86' lang='lat' dir='ltr'>mutabilia</span> <span class='ocrx_word' id='word_1_141' title='bbox 930 2447 1030 2520; x_wconf 86' lang='lat' dir='ltr'>miles</span> <span class='ocrx_word' id='word_1_142' title='bbox 1056 2445 1181 2521; x_wconf 89' lang='lat' dir='ltr'>Christi</span> <span class='ocrx_word' id='word_1_143' title='bbox 1212 2464 1247 2521; x_wconf 89' lang='lat' dir='ltr'>et</span> 
     </span>
     <span class='ocr_line' id='line_1_20' title="bbox 244 2557 1248 2636; baseline -0.001 -4"><span class='ocrx_word' id='word_1_144' title='bbox 244 2557 464 2634; x_wconf 85' lang='lat' dir='ltr'>absorbeatur</span> <span class='ocrx_word' id='word_1_145' title='bbox 489 2587 584 2635; x_wconf 87' lang='lat' dir='ltr'>mors</span> <span class='ocrx_word' id='word_1_146' title='bbox 601 2563 637 2635; x_wconf 89' lang='lat' dir='ltr'>in</span> <span class='ocrx_word' id='word_1_147' title='bbox 655 2562 835 2636; x_wconf 74' lang='lat' dir='ltr'>victoriam</span> <span class='ocrx_word' id='word_1_148' title='bbox 854 2619 862 2634; x_wconf 93' lang='lat'>.</span> <span class='ocrx_word' id='word_1_149' title='bbox 881 2578 916 2635; x_wconf 89' lang='lat' dir='ltr'>et</span> <span class='ocrx_word' id='word_1_150' title='bbox 942 2559 1071 2634; x_wconf 88' lang='lat' dir='ltr'>bellum</span> <span class='ocrx_word' id='word_1_151' title='bbox 1094 2576 1248 2634; x_wconf 88' lang='lat' dir='ltr'>vertatur</span> 
     </span>
     <span class='ocr_line' id='line_1_21' title="bbox 243 2672 1249 2774; baseline 0 -28"><span class='ocrx_word' id='word_1_152' title='bbox 243 2672 280 2746; x_wconf 91' lang='lat' dir='ltr'>in</span> <span class='ocrx_word' id='word_1_153' title='bbox 290 2673 508 2773; x_wconf 79' lang='lat' dir='ltr'>tropheum.²</span> <span class='ocrx_word' id='word_1_154' title='bbox 550 2676 654 2748; x_wconf 92' lang='lat' dir='ltr'>Tunc</span> <span class='ocrx_word' id='word_1_155' title='bbox 671 2701 732 2749; x_wconf 90' lang='lat' dir='ltr'>rex</span> <span class='ocrx_word' id='word_1_156' title='bbox 744 2675 898 2748; x_wconf 75' lang='lat' dir='ltr'>transibit</span> <span class='ocrx_word' id='word_1_157' title='bbox 916 2675 951 2747; x_wconf 92' lang='lat' dir='ltr'>in</span> <span class='ocrx_word' id='word_1_158' title='bbox 965 2699 1082 2774; x_wconf 91' lang='lat' dir='ltr'>regem</span> <span class='ocrx_word' id='word_1_159' title='bbox 1096 2672 1249 2747; x_wconf 88' lang='lat' dir='ltr'>militans</span> 
     </span>
     <span class='ocr_line' id='line_1_22' title="bbox 242 2786 1249 2887; baseline -0.001 -27"><span class='ocrx_word' id='word_1_160' title='bbox 242 2787 279 2860; x_wconf 92' lang='lat' dir='ltr'>in</span> <span class='ocrx_word' id='word_1_161' title='bbox 297 2787 573 2887; x_wconf 80' lang='lat' dir='ltr'>triumphantem</span> <span class='ocrx_word' id='word_1_162' title='bbox 594 2786 759 2862; x_wconf 90' lang='lat' dir='ltr'>sollicitus</span> <span class='ocrx_word' id='word_1_163' title='bbox 784 2789 820 2861; x_wconf 95' lang='lat' dir='ltr'>in</span> <span class='ocrx_word' id='word_1_164' title='bbox 845 2787 1001 2861; x_wconf 88' lang='lat' dir='ltr'>securum</span> <span class='ocrx_word' id='word_1_165' title='bbox 1018 2787 1249 2862; x_wconf 84' lang='lat' dir='ltr'>moribundus</span> 
     </span>
     <span class='ocr_line' id='line_1_23' title="bbox 243 2898 1249 3000; baseline 0 -26"><span class='ocrx_word' id='word_1_166' title='bbox 243 2900 280 2974; x_wconf 92' lang='lat' dir='ltr'>in</span> <span class='ocrx_word' id='word_1_167' title='bbox 298 2898 430 3000; x_wconf 88' lang='lat' dir='ltr'>semper</span> <span class='ocrx_word' id='word_1_168' title='bbox 446 2901 631 2975; x_wconf 70' lang='lat' dir='ltr'>victurum.</span> <span class='ocrx_word' id='word_1_169' title='bbox 686 2902 819 2976; x_wconf 88' lang='lat' dir='ltr'>Interea</span> <span class='ocrx_word' id='word_1_170' title='bbox 845 2902 1014 2975; x_wconf 92' lang='lat' dir='ltr'>innovato</span> <span class='ocrx_word' id='word_1_171' title='bbox 1039 2925 1119 3000; x_wconf 89' lang='lat' dir='ltr'>rege</span> <span class='ocrx_word' id='word_1_172' title='bbox 1145 2899 1249 2974; x_wconf 91' lang='lat' dir='ltr'>inno-</span> 
     </span>
     <span class='ocr_line' id='line_1_24' title="bbox 243 3012 1246 3115; baseline 0 -28"><span class='ocrx_word' id='word_1_173' title='bbox 243 3030 325 3087; x_wconf 92' lang='lat' dir='ltr'>vato</span> <span class='ocrx_word' id='word_1_174' title='bbox 347 3030 383 3087; x_wconf 89' lang='lat' dir='ltr'>et</span> <span class='ocrx_word' id='word_1_175' title='bbox 405 3013 516 3088; x_wconf 88' lang='lat' dir='ltr'>milite</span> <span class='ocrx_word' id='word_1_176' title='bbox 544 3071 552 3087; x_wconf 94' lang='lat'><strong>.</strong></span> <span class='ocrx_word' id='word_1_177' title='bbox 579 3039 727 3115; x_wconf 89' lang='lat' dir='ltr'>regnum</span> <span class='ocrx_word' id='word_1_178' title='bbox 753 3039 887 3088; x_wconf 91' lang='lat' dir='ltr'>novum</span> <span class='ocrx_word' id='word_1_179' title='bbox 912 3014 948 3088; x_wconf 91' lang='lat' dir='ltr'>in</span> <span class='ocrx_word' id='word_1_180' title='bbox 974 3012 1141 3088; x_wconf 87' lang='lat' dir='ltr'>Haroldo</span> <span class='ocrx_word' id='word_1_181' title='bbox 1165 3039 1246 3087; x_wconf 90' lang='lat' dir='ltr'>cuni</span> 
     </span>
     <span class='ocr_line' id='line_1_25' title="bbox 243 3125 1248 3227; baseline -0.001 -26"><span class='ocrx_word' id='word_1_182' title='bbox 243 3127 409 3202; x_wconf 88' lang='lat' dir='ltr'>innovata</span> <span class='ocrx_word' id='word_1_183' title='bbox 429 3125 580 3202; x_wconf 83' lang='lat' dir='ltr'>successit</span> <span class='ocrx_word' id='word_1_184' title='bbox 608 3128 754 3202; x_wconf 90' lang='lat' dir='ltr'>milicia:</span> <span class='ocrx_word' id='word_1_185' title='bbox 781 3128 884 3227; x_wconf 84' lang='lat' dir='ltr'>ipsius</span> <span class='ocrx_word' id='word_1_186' title='bbox 907 3152 1049 3227; x_wconf 90' lang='lat' dir='ltr'>quoque</span> <span class='ocrx_word' id='word_1_187' title='bbox 1073 3151 1154 3201; x_wconf 91' lang='lat' dir='ltr'>cum</span> <span class='ocrx_word' id='word_1_188' title='bbox 1181 3126 1248 3200; x_wconf 91' lang='lat' dir='ltr'>sin-</span> 
     </span>
     <span class='ocr_line' id='line_1_26' title="bbox 241 3238 1246 3342; baseline -0.001 -27"><span class='ocrx_word' id='word_1_189' title='bbox 241 3241 334 3342; x_wconf 82' lang='lat' dir='ltr'>gulis</span> <span class='ocrx_word' id='word_1_190' title='bbox 360 3238 428 3315; x_wconf 81' lang='lat' dir='ltr'>suis</span> <span class='ocrx_word' id='word_1_191' title='bbox 453 3238 601 3316; x_wconf 75' lang='lat' dir='ltr'>sensibus</span> <span class='ocrx_word' id='word_1_192' title='bbox 625 3259 661 3314; x_wconf 90' lang='lat' dir='ltr'>et</span> <span class='ocrx_word' id='word_1_193' title='bbox 686 3241 851 3315; x_wconf 89' lang='lat' dir='ltr'>membris</span> <span class='ocrx_word' id='word_1_194' title='bbox 874 3241 909 3314; x_wconf 92' lang='lat' dir='ltr'>in</span> <span class='ocrx_word' id='word_1_195' title='bbox 931 3265 1042 3314; x_wconf 89' lang='lat' dir='ltr'>novos</span> <span class='ocrx_word' id='word_1_196' title='bbox 1063 3239 1246 3314; x_wconf 87' lang='lat' dir='ltr'>reflorescit</span> 
     </span>
     <span class='ocr_line' id='line_1_27' title="bbox 242 3352 1244 3455; baseline 0 -27"><span class='ocrx_word' id='word_1_197' title='bbox 242 3352 323 3428; x_wconf 87' lang='lat' dir='ltr'>usus</span> <span class='ocrx_word' id='word_1_198' title='bbox 345 3355 469 3429; x_wconf 90' lang='lat' dir='ltr'>inundi</span> <span class='ocrx_word' id='word_1_199' title='bbox 495 3355 610 3430; x_wconf 83' lang='lat' dir='ltr'>cordis</span> <span class='ocrx_word' id='word_1_200' title='bbox 626 3374 661 3428; x_wconf 95' lang='lat' dir='ltr'>et</span> <span class='ocrx_word' id='word_1_201' title='bbox 678 3353 832 3455; x_wconf 88' lang='lat' dir='ltr'>corporis</span> <span class='ocrx_word' id='word_1_202' title='bbox 855 3352 1041 3427; x_wconf 89' lang='lat' dir='ltr'>substancia</span> <span class='ocrx_word' id='word_1_203' title='bbox 1063 3371 1149 3427; x_wconf 92' lang='lat' dir='ltr'>tota.</span> <span class='ocrx_word' id='word_1_204' title='bbox 1203 3354 1244 3428; x_wconf 92' lang='lat' dir='ltr'>In</span> 
     </span>
     <span class='ocr_line' id='line_1_28' title="bbox 241 3466 1245 3568; baseline 0.001 -27"><span class='ocrx_word' id='word_1_205' title='bbox 241 3466 331 3541; x_wconf 81' lang='lat' dir='ltr'>same</span> <span class='ocrx_word' id='word_1_206' title='bbox 361 3485 396 3541; x_wconf 90' lang='lat' dir='ltr'>et</span> <span class='ocrx_word' id='word_1_207' title='bbox 422 3467 473 3541; x_wconf 91' lang='lat' dir='ltr'>siti</span> <span class='ocrx_word' id='word_1_208' title='bbox 500 3468 535 3541; x_wconf 92' lang='lat' dir='ltr'>in</span> <span class='ocrx_word' id='word_1_209' title='bbox 562 3466 690 3568; x_wconf 87' lang='lat' dir='ltr'>frigore</span> <span class='ocrx_word' id='word_1_210' title='bbox 715 3485 750 3541; x_wconf 90' lang='lat' dir='ltr'>et</span> <span class='ocrx_word' id='word_1_211' title='bbox 778 3468 936 3542; x_wconf 89' lang='lat' dir='ltr'>nuditate</span> <span class='ocrx_word' id='word_1_212' title='bbox 964 3467 1000 3540; x_wconf 92' lang='lat' dir='ltr'>in</span> <span class='ocrx_word' id='word_1_213' title='bbox 1029 3467 1245 3542; x_wconf 89' lang='lat' dir='ltr'>orationibus</span> 
     </span>
     <span class='ocr_line' id='line_1_29' title="bbox 241 3579 1243 3682; baseline 0 -28"><span class='ocrx_word' id='word_1_214' title='bbox 241 3580 277 3655; x_wconf 90' lang='lat' dir='ltr'>in</span> <span class='ocrx_word' id='word_1_215' title='bbox 311 3582 441 3682; x_wconf 88' lang='lat' dir='ltr'>vigiliis</span> <span class='ocrx_word' id='word_1_216' title='bbox 466 3582 502 3654; x_wconf 92' lang='lat' dir='ltr'>in</span> <span class='ocrx_word' id='word_1_217' title='bbox 537 3579 773 3655; x_wconf 73' lang='lat' dir='ltr'>contumeliis³</span> <span class='ocrx_word' id='word_1_218' title='bbox 803 3600 838 3653; x_wconf 93' lang='lat' dir='ltr'>et</span> <span class='ocrx_word' id='word_1_219' title='bbox 873 3579 1044 3680; x_wconf 84' lang='lat' dir='ltr'>injuriis.</span> <span class='ocrx_word' id='word_1_220' title='bbox 1076 3581 1112 3653; x_wconf 93' lang='lat' dir='ltr'>in</span> <span class='ocrx_word' id='word_1_221' title='bbox 1147 3582 1243 3654; x_wconf 92' lang='lat' dir='ltr'>omni</span> 
     </span>
     <span class='ocr_line' id='line_1_30' title="bbox 241 3692 1245 3794; baseline -0.004 -24"><span class='ocrx_word' id='word_1_222' title='bbox 241 3695 393 3794; x_wconf 88' lang='lat' dir='ltr'>denique</span> <span class='ocrx_word' id='word_1_223' title='bbox 409 3695 526 3768; x_wconf 92' lang='lat' dir='ltr'>labore</span> <span class='ocrx_word' id='word_1_224' title='bbox 536 3712 571 3767; x_wconf 89' lang='lat' dir='ltr'>et</span> <span class='ocrx_word' id='word_1_225' title='bbox 584 3720 751 3793; x_wconf 90' lang='lat' dir='ltr'>erumpna</span> <span class='ocrx_word' id='word_1_226' title='bbox 770 3709 960 3768; x_wconf 91' lang='lat' dir='ltr'>maceratur</span> <span class='ocrx_word' id='word_1_227' title='bbox 970 3718 1050 3766; x_wconf 90' lang='lat' dir='ltr'>caro</span> <span class='ocrx_word' id='word_1_228' title='bbox 1061 3692 1245 3767; x_wconf 88' lang='lat' dir='ltr'>roboratur</span> 
     </span>
    </p>
   </div>
   <div class='ocr_carea' id='block_1_3' title="bbox 281 3869 1244 4107">
    <p class='ocr_par' dir='ltr' id='par_1_4' title="bbox 240 3869 1244 4112">
     <span class='ocr_line' id='line_1_31' title="bbox 281 3869 1244 3942; baseline -0.002 -10"><span class='ocrx_word' id='word_1_229' title='bbox 281 3869 292 3909; x_wconf 89' lang='lat'>¹</span> <span class='ocrx_word' id='word_1_230' title='bbox 315 3871 376 3942; x_wconf 57' lang='lat'>113</span> <span class='ocrx_word' id='word_1_231' title='bbox 395 3872 449 3942; x_wconf 83' lang='lat' dir='ltr'>vel,</span> <span class='ocrx_word' id='word_1_232' title='bbox 464 3871 592 3942; x_wconf 85' lang='lat' dir='ltr'>omitted,</span> <span class='ocrx_word' id='word_1_233' title='bbox 608 3871 695 3932; x_wconf 92' lang='lat' dir='ltr'>M.G.</span> <span class='ocrx_word' id='word_1_234' title='bbox 739 3872 814 3930; x_wconf 78' lang='lat' dir='ltr'>Thia</span> <span class='ocrx_word' id='word_1_235' title='bbox 828 3872 850 3930; x_wconf 87' lang='lat' dir='ltr'>is</span> <span class='ocrx_word' id='word_1_236' title='bbox 863 3892 879 3930; x_wconf 86' lang='lat' dir='ltr'>a</span> <span class='ocrx_word' id='word_1_237' title='bbox 892 3871 968 3930; x_wconf 81' lang='lat' dir='ltr'>clear</span> <span class='ocrx_word' id='word_1_238' title='bbox 980 3870 1103 3931; x_wconf 80' lang='lat' dir='ltr'>instance</span> <span class='ocrx_word' id='word_1_239' title='bbox 1118 3872 1152 3931; x_wconf 91' lang='lat' dir='ltr'>os</span> <span class='ocrx_word' id='word_1_240' title='bbox 1162 3870 1244 3931; x_wconf 80' lang='lat' dir='ltr'>Gilea</span> 
     </span>
     <span class='ocr_line' id='line_1_32' title="bbox 667 3953 1118 4107; baseline 0.001 -14.514"><span class='ocrx_word' id='word_1_241' title='bbox 240 3952 846 4112; x_wconf 53' lang='lat' dir='ltr'>‘iani</span> <span class='ocrx_word' id='word_1_242' title='bbox 860 3953 1118 4107; x_wconf 49' lang='lat' dir='ltr'>uma</span> 
     </span>
    </p>
   </div>
   <div class='ocr_carea' id='block_1_4' title="bbox 0 0 1504 5152">
    <p class='ocr_par' dir='ltr' id='par_1_5' title="bbox 0 0 1504 5152">
     <span class='ocr_line' id='line_1_33' title="bbox 0 0 1504 5152; baseline 0 2"><span class='ocrx_word' id='word_1_243' title='bbox 0 0 1504 5152; x_wconf 95' lang='lat' dir='ltr'> </span> 
     </span>
    </p>
   </div>
  </div>
 </body>
</html>
