3000 5152
382 281 471 392 Vita
501 280 668 365 Haroldi
688 284 816 394 Regis.
859 397 861 402 Ι
1010 386 1013 393 Ι
1052 285 1098 367 81

96 486 218 586 inlpeti
244 490 436 564 veritatem.
467 544 469 548 -
489 492 591 565 Dixit
616 518 698 566 eum
723 492 793 567 ictu
818 491 960 594 sagitte:
990 495 1103 595 capite

96 602 280 675 vulnerato
292 603 478 702 oppetisse1
498 661 507 678 .
522 606 611 679 dixit
629 607 777 680 militem
791 607 851 707 qui
869 606 943 707 regi
961 625 1108 683 mortuo-

95 711 209 786 femur
233 716 400 791 inciderat
416 718 515 791 ducis
540 716 680 792 censura
700 720 861 795 victoris:
888 721 931 795 ab
949 723 1105 797 exercitu

97 826 267 926 pulsum}
328 829 463 902 Retulit
493 848 656 906 amatre·
679 830 784 929 sunus
817 833 970 937 regium
988 835 1105 908 oblata

97 940 244 1039 pecunia
261 966 281 1014 a
297 942 551 1041 triumphatore
568 945 754 1023 Willelmo
769 945 983 1045 postulatum
1009 1004 1019 1021 .
1046 942 1105 1023 scd

96 1070 277 1153 receptum
304 1052 442 1153 absque,
460 1058 624 1156 pecunia:
651 1060 746 1158 apud
771 1059 956 1133 Waltham
982 1076 1104 1144 tumu-

96 1167 236 1241 latum.³
286 1170 340 1244 Sic
370 1172 406 1246 in
430 1170 543 1246 femur
570 1228 579 1244 .
605 1172 648 1244 stc
675 1173 712 1245 in
737 1190 843 1272 caput
868 1173 910 1247 fic
936 1174 973 1248 in
999 1199 1104 1249 omne

92 1280 250 1382 hominis
273 1308 398 1383 corpus
427 1278 547 1385 lingua
576 1285 741 1359 licencius
765 1285 1000 1359 debachatur⁴
1025 1313 1105 1361 ora-

97 1393 183 1467 toris
213 1395 370 1470 clanculo
397 1395 620 1496 scriptitantis
646 1454 654 1471 .
682 1423 789 1498 quam
819 1398 941 1472 militis
970 1416 1103 1475 armata

97 1531 222 1593 munus
250 1509 292 1581 in
326 1511 512 1610 propatulo
546 1510 754 1585 dimicantis.
806 1513 940 1585 Verum
975 1529 1048 1585 tam
1082 1539 1102 1586 a

97 1617 219 1720 sagitta
232 1622 302 1695 oris
318 1623 459 1696 istorum
472 1649 580 1723 quam
592 1641 627 1696 et
640 1650 660 1695 a
673 1621 802 1697 framea
819 1650 944 1724 manus
960 1625 1102 1699 illorum

96 1732 254 1807 liberavit
281 1736 458 1809 Dominus
484 1761 672 1835 pauperem
696 1753 733 1809 et
762 1735 905 1834 inopem
935 1763 1040 1837 quem
1067 1753 1103 1811 et

79 1846 317 1920 rethoribus⁶
334 1865 369 1921 et
386 1848 526 1948 regibus
543 1848 664 1922 multis
689 1848 852 1948 probavit
880 1850 916 1922 in
944 1849 1103 1948 pluribus

96 1959 303 2058 pociorem.⁶
353 1962 439 2035 Non
466 1963 609 2061 quidem
634 1964 678 2036 de
704 1962 868 2036 omnibus
896 1963 977 2036 dico
1003 1962 1103 2038 dabit

96 2070 272 2145 Dominus
285 2073 480 2172 simpliciter
492 2072 663 2172 gradienti
677 2073 870 2174 intelligere
887 2100 956 2173 que
967 2073 1077 2149 scribo
1092 2133 1100 2150 .

94 2183 218 2258 sentire
232 2211 299 2284 que
317 2183 440 2259 sencio.
468 2187 741 2285 Temperancius
758 2213 842 2260 vero
856 2184 982 2287 scripsit
996 2188 1103 2289 hujus

134 2323 269 2401 ¹“jeltu
290 2317 394 2399 sagittae
414 2324 518 2382 violato
541 2324 657 2382 cerebro
678 2325 857 2402 procubuit.''
899 2327 959 2401 (W.
986 2326 1099 2398 Malrn„

97 2406 175 2482 Gesta
190 2407 298 2481 Regum,
312 2425 340 2482 p.
354 2403 450 2482 416);
471 2412 489 2439 “
498 2406 606 2464 ominus
627 2406 724 2464 lethali
738 2407 874 2465 arundine
888 2408 958 2465 idlur
977 2422 1099 2467 mortem

95 2486 224 2602 implevit
233 2484 251 2512 ''
267 2485 357 2562 (ibid.)

167 2566 317 2643 “Jacentis
338 2567 431 2626 lemur
451 2587 523 2626 unur
544 2567 666 2625 militurn
687 2568 779 2643 gladio
801 2567 956 2646 proscidit;
983 2569 1059 2628 unde
1085 2590 1101 2627 a

93 2645 242 2707 Willelmo
255 2649 415 2724 ignominiae
435 2663 553 2719 notatur,
568 2649 644 2726 quod
664 2669 725 2708 rem
746 2650 873 2725 ignavum
894 2664 924 2708 et
936 2650 1099 2728 pudendm

96 2727 210 2799 lecisset,
226 2730 325 2788 militia
340 2727 433 2806 pulsus
447 2728 511 2798 ellf'
528 2729 618 2805 (ibid.)

134 2808 147 2848 ⁸
169 2810 305 2887 “Corpus
326 2810 447 2868 Haroldi
469 2810 551 2867 matri
574 2811 715 2886 repetenti
737 2810 793 2869 srne
814 2811 906 2889 pretio
929 2810 1013 2882 misit,
1033 2812 1102 2871 licet

94 2889 142 2947 illa
170 2893 292 2950 multum
321 2911 371 2968 per
398 2892 503 2966 legatos
530 2890 691 2950 obtulisset:
726 2908 875 2969 acceptum
902 2891 997 2971 itaque
1025 2893 1113 2971 apud·

94 2970 239 3029 Walthem
254 2972 389 3049 sepelivit,
402 2992 486 3050 quarn
501 2971 559 3050 ipse
573 2970 728 3043 ecclesiam,
739 2992 775 3032 ex
790 2972 903 3050 proprio
917 2975 1101 3032 constructam

94 3051 124 3123 in
145 3052 251 3110 honore
271 3051 362 3111 sande
384 3052 491 3123 Crucis,
513 3052 653 3110 canonicis
672 3053 866 3129 impleverat?
907 3052 968 3128 (W.
985 3054 1100 3125 Mrlm„

98 3133 176 3209 Gesta
201 3134 310 3210 Region,
334 3154 362 3211 p.
386 3133 469 3211 420.)
511 3132 559 3191 To
582 3133 678 3191 which
703 3132 803 3209 Hardy
827 3132 895 3191 adds
918 3135 948 3191 in
972 3155 988 3193 a
1011 3149 1099 3195 note:

92 3213 217 3273 “There
240 3214 328 3273 seems
348 3229 377 3273 to
397 3216 468 3272 heve
492 3214 565 3272 been
587 3235 603 3271 a
626 3213 753 3272 sabulous
774 3216 845 3292 story
866 3230 979 3274 current
1000 3215 1101 3292 during

25 3306 31 3326 ·
93 3294 142 3352 the
166 3296 278 3355 twelsth
301 3311 419 3372 century
435 3296 496 3353 thet
515 3294 625 3353 llarold
647 3294 767 3372 escaped
788 3294 862 3353 from
888 3295 937 3355 the
960 3295 1047 3354 battle
1069 3297 1105 3354 os

93 3371 233 3452 Hastingc
275 3376 409 3436 Giraldur
433 3375 612 3434 Cambreusis
635 3375 728 3433 assertr
755 3376 816 3433 that
844 3376 866 3434 it
887 3396 942 3434 was
970 3376 1100 3435 believed

93 3453 205 3515 Harold
234 3456 290 3514 had
317 3455 373 3514 fled
402 3457 475 3515 from
507 3457 555 3514 the
584 3455 748 3526 battlelield,
776 3457 890 3533 pierced
918 3457 987 3514 with
1014 3477 1100 3535 many

94 3537 218 3608 woundr,
230 3537 285 3595 and
296 3537 365 3599 with
381 3539 429 3594 the
444 3537 495 3595 loss
506 3537 541 3594 of
550 3537 593 3594 his
606 3536 659 3594 lest
673 3557 734 3613 eye,
749 3537 804 3595 and
819 3538 880 3595 that
893 3537 930 3595 he
947 3536 1042 3596 ended
1056 3538 1100 3596 hic

94 3615 162 3695 drys
181 3619 287 3696 pioully
306 3632 334 3675 at
348 3617 474 3677 Chester.
516 3617 590 3675 Both
605 3617 752 3692 Kuighton
772 3617 826 3675 and
841 3618 998 3694 Brompton
1013 3632 1099 3696 quote

95 3699 150 3756 thir
170 3701 250 3777 story.
292 3697 339 3757 W.
355 3697 530 3757 Pictaviensu
544 3698 602 3775 says
617 3699 677 3755 thet
691 3697 818 3757 William
833 3697 944 3758 refused
959 3699 1008 3757 the
1023 3697 1100 3775 body

94 3792 124 3836 to
138 3781 181 3838 hie
195 3779 315 3849 mother,
329 3779 395 3836 who
408 3778 516 3836 offered
530 3779 564 3837 ite
578 3779 683 3855 weight
696 3779 725 3836 in
738 3778 804 3855 gold
819 3779 863 3837 for
883 3779 915 3849 it,
929 3779 1060 3856 orderiug
1076 3781 1099 3838 it
1227 3828 1229 3832 ,

93 3873 123 3917 to
139 3860 174 3918 be
189 3858 288 3918 buried
302 3879 340 3917 on
354 3860 403 3916 the
417 3858 461 3918 see
475 3860 557 3918 cocsl.

125 3940 146 4015 ,⁴
168 3940 277 4009 H.M.;
298 3939 497 4010 debacchetur,
512 3939 551 3998 G.
633 3938 646 3978 ⁶
666 3939 774 4008 H.M.;
795 3939 963 4012 rhetoribus,
977 3939 1017 3998 G.

132 4020 146 4060 ⁶
166 4022 263 4099 pocior
275 4023 303 4093 ἓ,
319 4020 380 4090 H.;
401 4020 497 4098 pocior
511 4022 560 4092 est,
575 4021 623 4080 M.
632 4044 642 4092 ς
663 4021 802 4100 potiorem
818 4021 882 4092 else,
897 4020 937 4080 G.

583 4139 606 4186 G
