3000 5152
390 289 430 369 V
424 287 480 369 ita
509 284 674 367 Horoldi
698 285 825 393 Regis.
1059 308 1105 392 15

103 496 264 570 omnium
282 494 421 595 prorsus
439 492 607 568 nesciebat
626 490 824 566 sentencias.
861 493 982 568 Unius
999 494 1109 596 igitur

104 610 296 711 sigillorum
322 625 445 682 cautus
469 605 627 682 effractor
656 630 699 679 ex
724 606 821 681 brevi
845 605 978 681 incluso
1008 606 1041 682 se
1071 608 1108 682 in

103 723 201 796 brevi
227 720 381 823 agnoscit
403 719 541 820 ospitali
568 720 725 794 dandum
753 717 948 819 supplicio;
975 722 999 794 si
1027 749 1109 821 por-

104 835 222 912 titoris
262 862 342 910 curn
377 852 524 909 ventum
558 832 666 908 fuerit
706 834 751 908 ad
785 851 930 933 portum
971 835 1109 934 plenius

103 949 276 1051 fungatur
300 947 424 1024 officio.
477 949 600 1021 Tenor
622 944 717 1019 enim
745 944 912 1046 scripture
931 947 987 1022 hic
1005 966 1106 1023 erat.

103 1083 145 1138 ut
172 1062 388 1163 quicumque
417 1060 512 1134 illius
542 1058 661 1135 seriem
689 1058 855 1159 primitus
881 1061 1106 1136 advertisset.

102 1176 264 1278 bajulum
301 1175 377 1276 ejus
411 1173 629 1249 Godwinum
658 1171 800 1246 nomine
834 1173 946 1272 capite
987 1173 1127 1248 incon-.

100 1288 246 1364 tinenti¹
264 1287 455 1363 mutilaret.

153 1402 335 1504 Expalluit
364 1427 478 1476 novus
511 1400 620 1475 Urias
650 1417 832 1500 comperto
860 1403 959 1500 quod
994 1400 1053 1475 libi
1087 1429 1108 1476 a

103 1544 184 1620 rege
207 1517 393 1618 parabatur
412 1573 421 1591 .
439 1515 552 1590 exicio
574 1531 744 1614 paratque
768 1533 809 1588 ut
826 1515 946 1614 paucis
962 1534 1106 1593 utamur

101 1634 230 1708 dolum
244 1628 432 1730 extimplo²
450 1630 589 1703 eludere
607 1628 692 1702 dolo
710 1684 718 1702 .
739 1625 821 1702 fecit
839 1629 900 1705 stc:
927 1630 1107 1706 extraetas·

101 1770 210 1847 quea
227 1743 313 1818 ceris
338 1742 406 1817 suis
428 1742 577 1843 singulas
600 1740 774 1842 confregit
797 1741 963 1816 cartulas⁸
982 1800 991 1817 .
1010 1743 1107 1819 calli-

101 1861 217 1960 daque
251 1855 364 1931 clerici
395 1853 573 1957 cujusdam
607 1878 716 1929 manu
749 1854 889 1956 reponit
923 1874 1105 1933 recentes.

101 1997 253 2073 quarum
269 1968 403 2044 summa
420 1966 489 2043 suit
512 1984 554 2042 ut
577 1967 795 2043 Godwinum
812 1967 950 2044 summo
966 1970 1107 2046 univer-

103 2084 220 2160 sorum
247 2082 406 2183 tripudio
432 2098 617 2180 exceptum
645 2080 776 2182 ‚regie
810 2080 936 2156 sororis
970 2085 1106 2184 nupciis

101 2201 226 2276 darent
246 2255 254 2272 .
273 2223 336 2271 nec
353 2195 454 2271 aliter
474 2194 505 2269 ei
532 2219 640 2293 quarn
666 2195 726 2267 fibi
754 2196 778 2268 s1
807 2196 933 2270 adesset
958 2196 995 2271 in
1023 2197 1106 2272 hiis⁴

101 2339 172 2414 que
199 2311 293 2413 regia
326 2310 511 2411 exigebant
542 2307 687 2409 negocia
720 2307 958 2384 incunctanter
992 2313 1105 2387 cuncti

101 2442 273 2527 parerent.
326 2423 380 2499 Sic
396 2421 489 2523 regis
505 2421 601 2495 bono
617 2421 712 2522 regia
729 2439 888 2497 mutatur
907 2422 1077 2499 sentencia
1095 2484 1104 2501 .

102 2540 144 2613 fic
157 2538 258 2612 miles
274 2536 403 2611 milicie
420 2551 535 2608 mutat
560 2533 728 2635 stipendia
746 2592 754 2607 .
773 2536 815 2609 sre
841 2535 997 2612 indebita
1013 2539 1105 2615 cedit

102 2677 191 2753 pena
220 2667 256 2726 et
285 2649 404 2726 debita
437 2647 524 2721 bene
559 2647 687 2722 merito
715 2648 846 2724 accedit
876 2650 999 2750 gloria.
1051 2650 1106 2726 Sic

101 2765 253 2866 denique
281 2763 318 2837 in
346 2760 492 2837 fratrem
521 2760 643 2861 recipit
669 2787 776 2862 quem
803 2761 928 2836 utilem
950 2765 1105 2865 repperit

101 2905 162 2953 rex
179 2877 330 2952 militem
348 2932 356 2950 .
375 2900 482 2975 quem
499 2873 607 2948 eciam
621 2875 727 2973 paulo
740 2874 816 2974 post
828 2874 911 2950 fecit
929 2859 1105 2955 consuleni

101 2991 293 3092 habuitque
311 2988 518 3089 pervigilem
534 2987 571 3060 in
589 2987 765 3087 reliquum
779 2987 1003 3088 provisorem.

103 3102 104 3105 '
152 3106 237 3203 Quo
253 3121 371 3177 tamen
395 3118 526 3176 eventu
551 3100 749 3175 Godwinus
772 3101 808 3174 in
826 3105 1006 3179 Dacorum
1024 3105 1168 3205 pluet*

101 3244 208 3318 quam
226 3215 306 3291 satis
323 3214 480 3289 favorem
504 3213 632 3289 effusus
651 3271 658 3288 .
677 3212 793 3315 gentis
811 3214 869 3289 sue
885 3219 1105 3318 quampluri-

102 3331 168 3405 bus
184 3330 287 3406 fiebat
305 3326 476 3403 infestus.⁶
523 3328 609 3401 Non
623 3327 741 3401 nullos
757 3354 901 3428 quoque
918 3331 961 3404 de
978 3329 1106 3406 semine

101 3445 199 3546 regio
233 3468 387 3544 quorum
422 3466 513 3515 unus
543 3438 651 3515 frater
686 3436 798 3514 Sancti
833 3443 999 3520 Edwardi
1035 3443 1104 3519 fuit
1121 3467 1286 3516 Nossem-

100 3560 187 3634 dolo
203 3555 356 3659 perdidit
373 3554 485 3654 sicque
503 3580 574 3627 non
598 3555 707 3628 modo
728 3552 765 3627 in
790 3555 949 3631 concives
967 3614 976 3630 .
995 3557 1106 3632 immo
1119 3529 1309 3635 meis

101 3688 137 3746 et
154 3671 191 3745 in
205 3669 368 3745 dominos
380 3669 556 3742 naturales
568 3693 639 3741 non
657 3693 765 3766 pauca
783 3669 944 3768 deliquit.
972 3672 1106 3776 Verum
1119 3653 1233 3707 ‘W‘

141 3845 153 3885 ¹
173 3844 317 3913 H.M.G.;
339 3845 382 3902 sor
396 3843 612 3901 incontinenter.
694 3839 707 3878 ²
727 3843 837 3913 H.M.;
858 3847 1013 3924 externplo,
1028 3848 1067 3908 G.

141 3925 154 3966 ³
174 3926 284 3995 H.M.;
306 3924 452 3994 chartulas,
468 3924 507 3982 G.
693 3923 705 3961 ⁴
726 3923 788 3994 H.;
809 3926 850 3994 iis,
866 3925 952 3985 ΜΟ.

140 4007 152 4046 ⁵
174 4008 209 4065 In
225 4007 316 4077 festus,
330 4005 371 4064 H.
