<?xml version="1.0" encoding="UTF-8"?>
<!DOCTYPE html PUBLIC "-//W3C//DTD XHTML 1.0 Transitional//EN"
    "http://www.w3.org/TR/xhtml1/DTD/xhtml1-transitional.dtd">
<html xmlns="http://www.w3.org/1999/xhtml" xml:lang="en" lang="en">
 <head>
  <title>
</title>
<meta http-equiv="Content-Type" content="text/html;charset=utf-8" />
  <meta name='ocr-system' content='tesseract 3.04.00' />
  <meta name='ocr-capabilities' content='ocr_page ocr_carea ocr_par ocr_line ocrx_word'/>
</head>
<body>
  <div class='ocr_page' id='page_1' title='image "./vitaharoldiroma00musegoog_0092.png"; bbox 0 0 3000 5152; ppageno 0'>
   <div class='ocr_carea' id='block_1_1' title="bbox 398 298 1118 409">
    <p class='ocr_par' dir='ltr' id='par_1_1' title="bbox 398 298 1118 409">
     <span class='ocr_line' id='line_1_1' title="bbox 398 298 1118 409; baseline -0.001 -28"><span class='ocrx_word' id='word_1_1' title='bbox 398 301 487 381; x_wconf 83' lang='lat' dir='ltr'>Vita</span> <span class='ocrx_word' id='word_1_2' title='bbox 517 298 682 381; x_wconf 82' lang='lat' dir='ltr'>Haraldi</span> <span class='ocrx_word' id='word_1_3' title='bbox 707 300 835 409; x_wconf 84' lang='lat' dir='ltr'>Regis.</span> <span class='ocrx_word' id='word_1_4' title='bbox 1064 301 1118 408; x_wconf 87' lang='lat'>69</span> 
     </span>
    </p>
   </div>
   <div class='ocr_carea' id='block_1_2' title="bbox 110 504 1202 3213">
    <p class='ocr_par' dir='ltr' id='par_1_2' title="bbox 110 504 1202 3213">
     <span class='ocr_line' id='line_1_2' title="bbox 110 504 1121 604; baseline -0.003 -23"><span class='ocrx_word' id='word_1_5' title='bbox 110 506 319 582; x_wconf 88' lang='lat' dir='ltr'>Antichristi</span> <span class='ocrx_word' id='word_1_6' title='bbox 361 505 441 580; x_wconf 74' lang='lat' dir='ltr'>fani</span> <span class='ocrx_word' id='word_1_7' title='bbox 483 504 563 580; x_wconf 93' lang='lat' dir='ltr'>sunt</span> <span class='ocrx_word' id='word_1_8' title='bbox 606 505 659 579; x_wconf 84' lang='lat' dir='ltr'>isti</span> <span class='ocrx_word' id='word_1_9' title='bbox 702 506 761 582; x_wconf 86' lang='lat' dir='ltr'>ad¹</span> <span class='ocrx_word' id='word_1_10' title='bbox 806 506 960 579; x_wconf 88' lang='lat' dir='ltr'>nostrum</span> <span class='ocrx_word' id='word_1_11' title='bbox 999 505 1121 604; x_wconf 79' lang='lat' dir='ltr'>pocius</span> 
     </span>
     <span class='ocr_line' id='line_1_3' title="bbox 110 617 1121 719; baseline -0.004 -24"><span class='ocrx_word' id='word_1_12' title='bbox 110 622 297 696; x_wconf 85' lang='lat' dir='ltr'>redeuntes</span> <span class='ocrx_word' id='word_1_13' title='bbox 315 617 550 695; x_wconf 86' lang='lat' dir='ltr'>Christianum</span> <span class='ocrx_word' id='word_1_14' title='bbox 569 621 633 693; x_wconf 87' lang='lat' dir='ltr'>hos</span> <span class='ocrx_word' id='word_1_15' title='bbox 659 619 718 692; x_wconf 85' lang='lat' dir='ltr'>fibi</span> <span class='ocrx_word' id='word_1_16' title='bbox 742 620 981 719; x_wconf 85' lang='lat' dir='ltr'>relinquamus</span> <span class='ocrx_word' id='word_1_17' title='bbox 998 636 1032 691; x_wconf 93' lang='lat' dir='ltr'>et</span> <span class='ocrx_word' id='word_1_18' title='bbox 1058 617 1121 692; x_wconf 94' lang='lat' dir='ltr'>suo</span> 
     </span>
     <span class='ocr_line' id='line_1_4' title="bbox 111 729 1121 835; baseline -0.006 -27"><span class='ocrx_word' id='word_1_19' title='bbox 111 733 198 835; x_wconf 87' lang='lat' dir='ltr'><strong>igni.</strong></span> <span class='ocrx_word' id='word_1_20' title='bbox 251 735 347 808; x_wconf 87' lang='lat' dir='ltr'>Nam</span> <span class='ocrx_word' id='word_1_21' title='bbox 360 751 395 806; x_wconf 93' lang='lat' dir='ltr'>et</span> <span class='ocrx_word' id='word_1_22' title='bbox 413 759 506 806; x_wconf 91' lang='lat' dir='ltr'>nunc</span> <span class='ocrx_word' id='word_1_23' title='bbox 523 733 606 805; x_wconf 87' lang='lat' dir='ltr'>teste</span> <span class='ocrx_word' id='word_1_24' title='bbox 623 733 795 831; x_wconf 89' lang='lat' dir='ltr'>propheta</span> <span class='ocrx_word' id='word_1_25' title='bbox 808 732 900 832; x_wconf 88' lang='lat' dir='ltr'>ignis</span> <span class='ocrx_word' id='word_1_26' title='bbox 911 729 1121 806; x_wconf 79' lang='lat' dir='ltr'>adversarios</span> 
     </span>
     <span class='ocr_line' id='line_1_5' title="bbox 110 845 1202 948; baseline -0.002 -26"><span class='ocrx_word' id='word_1_27' title='bbox 110 848 259 923; x_wconf 87' lang='lat' dir='ltr'>devorat</span> <span class='ocrx_word' id='word_1_28' title='bbox 284 904 292 921; x_wconf 91' lang='lat'><strong>.</strong></span> <span class='ocrx_word' id='word_1_29' title='bbox 316 864 352 921; x_wconf 90' lang='lat' dir='ltr'>et</span> <span class='ocrx_word' id='word_1_30' title='bbox 374 847 478 948; x_wconf 88' lang='lat' dir='ltr'>juxta</span> <span class='ocrx_word' id='word_1_31' title='bbox 504 848 587 920; x_wconf 88' lang='lat' dir='ltr'>vitis</span> <span class='ocrx_word' id='word_1_32' title='bbox 613 872 694 920; x_wconf 89' lang='lat' dir='ltr'>vere</span> <span class='ocrx_word' id='word_1_33' title='bbox 724 845 948 920; x_wconf 86' lang='lat' dir='ltr'>sentenciam:</span> <span class='ocrx_word' id='word_1_34' title='bbox 989 845 1152 944; x_wconf 84' lang='lat' dir='ltr'>palmesr.</span> <span class='ocrx_word' id='word_1_35' title='bbox 1165 874 1202 920; x_wconf 70' lang='lat' dir='ltr'>ra</span> 
     </span>
     <span class='ocr_line' id='line_1_6' title="bbox 111 947 1183 1062; baseline -0.006 -27"><span class='ocrx_word' id='word_1_36' title='bbox 111 960 190 1062; x_wconf 86' lang='lat' dir='ltr'>post</span> <span class='ocrx_word' id='word_1_37' title='bbox 209 959 419 1036; x_wconf 73' lang='lat' dir='ltr'>mittendus²</span> <span class='ocrx_word' id='word_1_38' title='bbox 441 959 478 1033; x_wconf 97' lang='lat' dir='ltr'>in</span> <span class='ocrx_word' id='word_1_39' title='bbox 501 959 620 1060; x_wconf 86' lang='lat' dir='ltr'>ignem</span> <span class='ocrx_word' id='word_1_40' title='bbox 635 959 712 1060; x_wconf 89' lang='lat' dir='ltr'>jam</span> <span class='ocrx_word' id='word_1_41' title='bbox 734 961 843 1035; x_wconf 87' lang='lat' dir='ltr'>ardet.</span> <span class='ocrx_word' id='word_1_42' title='bbox 904 956 1122 1032; x_wconf 74' lang='lat' dir='ltr'>Christianus</span> <span class='ocrx_word' id='word_1_43' title='bbox 1179 947 1183 953; x_wconf 38' lang='lat'><em>²</em></span> 
     </span>
     <span class='ocr_line' id='line_1_7' title="bbox 110 1070 1121 1148; baseline -0.005 0"><span class='ocrx_word' id='word_1_44' title='bbox 110 1099 197 1148; x_wconf 88' lang='lat' dir='ltr'>vero</span> <span class='ocrx_word' id='word_1_45' title='bbox 219 1073 331 1148; x_wconf 89' lang='lat' dir='ltr'>noster</span> <span class='ocrx_word' id='word_1_46' title='bbox 354 1099 468 1147; x_wconf 89' lang='lat' dir='ltr'>novus</span> <span class='ocrx_word' id='word_1_47' title='bbox 490 1090 526 1147; x_wconf 94' lang='lat' dir='ltr'>et</span> <span class='ocrx_word' id='word_1_48' title='bbox 549 1091 652 1147; x_wconf 88' lang='lat' dir='ltr'>vetus</span> <span class='ocrx_word' id='word_1_49' title='bbox 671 1130 679 1146; x_wconf 93' lang='lat'><strong>.</strong></span> <span class='ocrx_word' id='word_1_50' title='bbox 698 1098 832 1147; x_wconf 82' lang='lat' dir='ltr'>novus:</span> <span class='ocrx_word' id='word_1_51' title='bbox 859 1070 1003 1145; x_wconf 90' lang='lat' dir='ltr'>nomine</span> <span class='ocrx_word' id='word_1_52' title='bbox 1019 1086 1121 1144; x_wconf 88' lang='lat' dir='ltr'>vetus</span> 
     </span>
     <span class='ocr_line' id='line_1_8' title="bbox 111 1184 1121 1291; baseline -0.004 -28"><span class='ocrx_word' id='word_1_53' title='bbox 111 1188 335 1291; x_wconf 82' lang='lat' dir='ltr'>prol&#39;eliione8</span> <span class='ocrx_word' id='word_1_54' title='bbox 366 1247 375 1264; x_wconf 91' lang='lat'><strong>.</strong></span> <span class='ocrx_word' id='word_1_55' title='bbox 405 1188 545 1264; x_wconf 83' lang='lat' dir='ltr'>Christo</span> <span class='ocrx_word' id='word_1_56' title='bbox 574 1187 608 1262; x_wconf 88' lang='lat' dir='ltr'>se</span> <span class='ocrx_word' id='word_1_57' title='bbox 637 1189 859 1263; x_wconf 84' lang='lat' dir='ltr'>inhabitante</span> <span class='ocrx_word' id='word_1_58' title='bbox 884 1187 1024 1262; x_wconf 86' lang='lat' dir='ltr'>securus</span> <span class='ocrx_word' id='word_1_59' title='bbox 1043 1184 1121 1287; x_wconf 86' lang='lat' dir='ltr'>jam</span> 
     </span>
     <span class='ocr_line' id='line_1_9' title="bbox 112 1297 1123 1402; baseline -0.006 -25"><span class='ocrx_word' id='word_1_60' title='bbox 112 1302 239 1378; x_wconf 93' lang='lat' dir='ltr'>mundi</span> <span class='ocrx_word' id='word_1_61' title='bbox 256 1304 369 1376; x_wconf 72' lang='lat' dir='ltr'>vidior</span> <span class='ocrx_word' id='word_1_62' title='bbox 395 1319 431 1376; x_wconf 90' lang='lat' dir='ltr'>et</span> <span class='ocrx_word' id='word_1_63' title='bbox 460 1302 553 1376; x_wconf 89' lang='lat' dir='ltr'>illius</span> <span class='ocrx_word' id='word_1_64' title='bbox 569 1302 632 1402; x_wconf 91' lang='lat' dir='ltr'>qui</span> <span class='ocrx_word' id='word_1_65' title='bbox 659 1302 695 1374; x_wconf 93' lang='lat' dir='ltr'>in</span> <span class='ocrx_word' id='word_1_66' title='bbox 723 1302 861 1376; x_wconf 91' lang='lat' dir='ltr'>mundo</span> <span class='ocrx_word' id='word_1_67' title='bbox 881 1300 930 1374; x_wconf 85' lang='lat' dir='ltr'>est</span> <span class='ocrx_word' id='word_1_68' title='bbox 956 1297 1123 1398; x_wconf 84' lang='lat' dir='ltr'>principis</span> 
     </span>
     <span class='ocr_line' id='line_1_10' title="bbox 114 1409 1123 1514; baseline -0.004 -24"><span class='ocrx_word' id='word_1_69' title='bbox 114 1415 307 1490; x_wconf 85' lang='lat' dir='ltr'>debellator</span> <span class='ocrx_word' id='word_1_70' title='bbox 341 1441 437 1489; x_wconf 89' lang='lat' dir='ltr'>novo</span> <span class='ocrx_word' id='word_1_71' title='bbox 470 1433 581 1488; x_wconf 89' lang='lat' dir='ltr'>marte</span> <span class='ocrx_word' id='word_1_72' title='bbox 616 1419 725 1488; x_wconf 70' lang='lat' dir='ltr'>nova*</span> <span class='ocrx_word' id='word_1_73' title='bbox 741 1413 912 1514; x_wconf 88' lang='lat' dir='ltr'>preliandi</span> <span class='ocrx_word' id='word_1_74' title='bbox 942 1430 1016 1487; x_wconf 88' lang='lat' dir='ltr'>arte</span> <span class='ocrx_word' id='word_1_75' title='bbox 1043 1409 1123 1486; x_wconf 74' lang='lat' dir='ltr'>suos</span> 
     </span>
     <span class='ocr_line' id='line_1_11' title="bbox 113 1524 1124 1629; baseline -0.003 -27"><span class='ocrx_word' id='word_1_76' title='bbox 113 1528 320 1629; x_wconf 85' lang='lat' dir='ltr'>aggreditur</span> <span class='ocrx_word' id='word_1_77' title='bbox 344 1525 484 1602; x_wconf 61' lang='lat' dir='ltr'>&#39;vincere</span> <span class='ocrx_word' id='word_1_78' title='bbox 510 1528 669 1602; x_wconf 77' lang='lat' dir='ltr'>victores.</span> <span class='ocrx_word' id='word_1_79' title='bbox 733 1528 943 1602; x_wconf 88' lang='lat' dir='ltr'>Contulerat</span> <span class='ocrx_word' id='word_1_80' title='bbox 976 1526 1008 1600; x_wconf 93' lang='lat' dir='ltr'>ei</span> <span class='ocrx_word' id='word_1_81' title='bbox 1043 1524 1124 1599; x_wconf 79' lang='lat' dir='ltr'>suus</span> 
     </span>
     <span class='ocr_line' id='line_1_12' title="bbox 115 1636 1124 1742; baseline -0.006 -26"><span class='ocrx_word' id='word_1_82' title='bbox 115 1668 177 1716; x_wconf 84' lang='lat' dir='ltr'>rex</span> <span class='ocrx_word' id='word_1_83' title='bbox 195 1641 251 1715; x_wconf 92' lang='lat' dir='ltr'>cui</span> <span class='ocrx_word' id='word_1_84' title='bbox 269 1641 331 1742; x_wconf 86' lang='lat' dir='ltr'>spe¹</span> <span class='ocrx_word' id='word_1_85' title='bbox 350 1641 575 1741; x_wconf 87' lang='lat' dir='ltr'>recuperandi</span> <span class='ocrx_word' id='word_1_86' title='bbox 599 1639 699 1741; x_wconf 92' lang='lat' dir='ltr'>regni</span> <span class='ocrx_word' id='word_1_87' title='bbox 722 1641 829 1714; x_wconf 76' lang='lat' dir='ltr'>amissi</span> <span class='ocrx_word' id='word_1_88' title='bbox 851 1640 928 1741; x_wconf 91' lang='lat' dir='ltr'>jam</span> <span class='ocrx_word' id='word_1_89' title='bbox 948 1639 1011 1714; x_wconf 92' lang='lat' dir='ltr'>diu</span> <span class='ocrx_word' id='word_1_90' title='bbox 1030 1636 1124 1711; x_wconf 91' lang='lat' dir='ltr'>mili-</span> 
     </span>
     <span class='ocr_line' id='line_1_13' title="bbox 115 1751 1188 1855; baseline -0.004 -27"><span class='ocrx_word' id='word_1_91' title='bbox 115 1771 252 1828; x_wconf 88' lang='lat' dir='ltr'>taverat</span> <span class='ocrx_word' id='word_1_92' title='bbox 271 1812 279 1828; x_wconf 94' lang='lat'><strong>.</strong></span> <span class='ocrx_word' id='word_1_93' title='bbox 298 1754 417 1855; x_wconf 89' lang='lat' dir='ltr'>ignem</span> <span class='ocrx_word' id='word_1_94' title='bbox 440 1755 620 1828; x_wconf 85' lang='lat' dir='ltr'>caritatis.</span> <span class='ocrx_word' id='word_1_95' title='bbox 639 1779 713 1853; x_wconf 94' lang='lat' dir='ltr'>quo</span> <span class='ocrx_word' id='word_1_96' title='bbox 736 1755 820 1827; x_wconf 87' lang='lat' dir='ltr'>flatu</span> <span class='ocrx_word' id='word_1_97' title='bbox 843 1755 956 1827; x_wconf 73' lang='lat' dir='ltr'>Sancti</span> <span class='ocrx_word' id='word_1_98' title='bbox 974 1751 1124 1852; x_wconf 74' lang='lat' dir='ltr'>Spiritus</span> <span class='ocrx_word' id='word_1_99' title='bbox 1186 1836 1188 1841; x_wconf 40' lang='grc'><strong>,</strong></span> 
     </span>
     <span class='ocr_line' id='line_1_14' title="bbox 117 1864 1125 1965; baseline -0.005 -24"><span class='ocrx_word' id='word_1_100' title='bbox 117 1867 270 1941; x_wconf 85' lang='lat' dir='ltr'>estuante</span> <span class='ocrx_word' id='word_1_101' title='bbox 290 1924 298 1941; x_wconf 92' lang='lat'><strong>.</strong></span> <span class='ocrx_word' id='word_1_102' title='bbox 317 1866 515 1941; x_wconf 74' lang='lat' dir='ltr'>victricium</span> <span class='ocrx_word' id='word_1_103' title='bbox 540 1866 599 1939; x_wconf 86' lang='lat' dir='ltr'>srbi</span> <span class='ocrx_word' id='word_1_104' title='bbox 626 1892 805 1940; x_wconf 90' lang='lat' dir='ltr'>armorum</span> <span class='ocrx_word' id='word_1_105' title='bbox 822 1867 960 1965; x_wconf 88' lang='lat' dir='ltr'>copiam</span> <span class='ocrx_word' id='word_1_106' title='bbox 977 1864 1125 1939; x_wconf 88' lang='lat' dir='ltr'>tribula-</span> 
     </span>
     <span class='ocr_line' id='line_1_15' title="bbox 118 1981 1122 2084; baseline -0.005 -26"><span class='ocrx_word' id='word_1_107' title='bbox 118 1985 260 2058; x_wconf 90' lang='lat' dir='ltr'>cionum</span> <span class='ocrx_word' id='word_1_108' title='bbox 272 1984 386 2058; x_wconf 87' lang='lat' dir='ltr'>mallei</span> <span class='ocrx_word' id='word_1_109' title='bbox 398 1982 498 2084; x_wconf 90' lang='lat' dir='ltr'>super</span> <span class='ocrx_word' id='word_1_110' title='bbox 508 1983 671 2057; x_wconf 91' lang='lat' dir='ltr'>incudem</span> <span class='ocrx_word' id='word_1_111' title='bbox 683 1981 1122 2082; x_wconf 79' lang='lat' dir='ltr'>pacienciefabricaverant.</span> 
     </span>
     <span class='ocr_line' id='line_1_16' title="bbox 119 2095 1125 2197; baseline -0.005 -26"><span class='ocrx_word' id='word_1_112' title='bbox 119 2097 206 2171; x_wconf 90' lang='lat' dir='ltr'>Hiis</span> <span class='ocrx_word' id='word_1_113' title='bbox 233 2123 298 2197; x_wconf 90' lang='lat' dir='ltr'>pro</span> <span class='ocrx_word' id='word_1_114' title='bbox 328 2098 448 2188; x_wconf 84' lang='lat' dir='ltr'>amisso</span> <span class='ocrx_word' id='word_1_115' title='bbox 481 2098 627 2197; x_wconf 91' lang='lat' dir='ltr'>quidem</span> <span class='ocrx_word' id='word_1_116' title='bbox 661 2122 772 2197; x_wconf 90' lang='lat' dir='ltr'>regno</span> <span class='ocrx_word' id='word_1_117' title='bbox 814 2095 863 2170; x_wconf 88' lang='lat' dir='ltr'>set</span> <span class='ocrx_word' id='word_1_118' title='bbox 905 2095 1016 2169; x_wconf 86' lang='lat' dir='ltr'>celesti</span> <span class='ocrx_word' id='word_1_119' title='bbox 1051 2118 1125 2167; x_wconf 88' lang='lat' dir='ltr'>non</span> 
     </span>
     <span class='ocr_line' id='line_1_17' title="bbox 118 2206 1126 2306; baseline -0.005 -22"><span class='ocrx_word' id='word_1_120' title='bbox 118 2227 259 2284; x_wconf 88' lang='lat' dir='ltr'>terreno</span> <span class='ocrx_word' id='word_1_121' title='bbox 284 2268 292 2285; x_wconf 90' lang='lat'><strong>.</strong></span> <span class='ocrx_word' id='word_1_122' title='bbox 319 2228 448 2284; x_wconf 88' lang='lat' dir='ltr'>certare</span> <span class='ocrx_word' id='word_1_123' title='bbox 471 2210 641 2286; x_wconf 86' lang='lat' dir='ltr'>didicerat</span> <span class='ocrx_word' id='word_1_124' title='bbox 665 2209 882 2285; x_wconf 76' lang='lat' dir='ltr'>inviuiffime</span> <span class='ocrx_word' id='word_1_125' title='bbox 909 2206 1018 2281; x_wconf 87' lang='lat' dir='ltr'>sciens</span> <span class='ocrx_word' id='word_1_126' title='bbox 1042 2206 1126 2306; x_wconf 86' lang='lat' dir='ltr'>quia</span> 
     </span>
     <span class='ocr_line' id='line_1_18' title="bbox 119 2320 1128 2398; baseline -0.003 -2"><span class='ocrx_word' id='word_1_127' title='bbox 119 2325 204 2398; x_wconf 82' lang='lat' dir='ltr'>sicut</span> <span class='ocrx_word' id='word_1_128' title='bbox 222 2326 321 2398; x_wconf 93' lang='lat' dir='ltr'>nullo</span> <span class='ocrx_word' id='word_1_129' title='bbox 339 2325 407 2398; x_wconf 90' lang='lat' dir='ltr'>fine</span> <span class='ocrx_word' id='word_1_130' title='bbox 425 2324 474 2397; x_wconf 88' lang='lat' dir='ltr'>ita</span> <span class='ocrx_word' id='word_1_131' title='bbox 491 2350 554 2397; x_wconf 92' lang='lat' dir='ltr'>nec</span> <span class='ocrx_word' id='word_1_132' title='bbox 571 2325 647 2397; x_wconf 95' lang='lat' dir='ltr'>ullo</span> <span class='ocrx_word' id='word_1_133' title='bbox 663 2323 758 2397; x_wconf 90' lang='lat' dir='ltr'>hoste</span> <span class='ocrx_word' id='word_1_134' title='bbox 775 2348 857 2396; x_wconf 92' lang='lat' dir='ltr'>cum</span> <span class='ocrx_word' id='word_1_135' title='bbox 871 2322 962 2396; x_wconf 92' lang='lat' dir='ltr'>illud</span> <span class='ocrx_word' id='word_1_136' title='bbox 982 2320 1128 2394; x_wconf 92' lang='lat' dir='ltr'>obtinu-</span> 
     </span>
     <span class='ocr_line' id='line_1_19' title="bbox 119 2432 1127 2536; baseline -0.006 -26"><span class='ocrx_word' id='word_1_137' title='bbox 119 2437 194 2511; x_wconf 80' lang='lat' dir='ltr'>iffet</span> <span class='ocrx_word' id='word_1_138' title='bbox 220 2437 329 2536; x_wconf 84' lang='lat' dir='ltr'>pollet</span> <span class='ocrx_word' id='word_1_139' title='bbox 355 2437 525 2510; x_wconf 88' lang='lat' dir='ltr'>amittere.</span> <span class='ocrx_word' id='word_1_140' title='bbox 577 2434 760 2536; x_wconf 86' lang='lat' dir='ltr'>Appulsus</span> <span class='ocrx_word' id='word_1_141' title='bbox 785 2435 896 2536; x_wconf 91' lang='lat' dir='ltr'>igitur</span> <span class='ocrx_word' id='word_1_142' title='bbox 920 2436 1064 2508; x_wconf 92' lang='lat' dir='ltr'>demum</span> <span class='ocrx_word' id='word_1_143' title='bbox 1089 2432 1127 2505; x_wconf 90' lang='lat' dir='ltr'>in</span> 
     </span>
     <span class='ocr_line' id='line_1_20' title="bbox 120 2546 1128 2650; baseline -0.005 -27"><span class='ocrx_word' id='word_1_144' title='bbox 120 2575 271 2650; x_wconf 88' lang='lat' dir='ltr'>regnum</span> <span class='ocrx_word' id='word_1_145' title='bbox 288 2552 469 2650; x_wconf 81' lang='lat' dir='ltr'>quondam</span> <span class='ocrx_word' id='word_1_146' title='bbox 486 2548 586 2627; x_wconf 91' lang='lat' dir='ltr'>suum</span> <span class='ocrx_word' id='word_1_147' title='bbox 605 2548 793 2648; x_wconf 88' lang='lat' dir='ltr'>periculose</span> <span class='ocrx_word' id='word_1_148' title='bbox 804 2550 950 2648; x_wconf 90' lang='lat' dir='ltr'>quidem</span> <span class='ocrx_word' id='word_1_149' title='bbox 967 2546 1128 2620; x_wconf 91' lang='lat' dir='ltr'>habitum</span> 
     </span>
     <span class='ocr_line' id='line_1_21' title="bbox 122 2659 1129 2762; baseline -0.004 -27"><span class='ocrx_word' id='word_1_150' title='bbox 122 2661 170 2736; x_wconf 90' lang='lat' dir='ltr'>set</span> <span class='ocrx_word' id='word_1_151' title='bbox 199 2662 373 2737; x_wconf 57' lang='lat' dir='ltr'>fructuose</span> <span class='ocrx_word' id='word_1_152' title='bbox 393 2663 553 2736; x_wconf 82' lang='lat' dir='ltr'>amissum</span> <span class='ocrx_word' id='word_1_153' title='bbox 572 2719 580 2735; x_wconf 89' lang='lat'><strong>.</strong></span> <span class='ocrx_word' id='word_1_154' title='bbox 600 2662 705 2736; x_wconf 90' lang='lat' dir='ltr'>armis</span> <span class='ocrx_word' id='word_1_155' title='bbox 722 2661 851 2762; x_wconf 83' lang='lat' dir='ltr'>quibus</span> <span class='ocrx_word' id='word_1_156' title='bbox 878 2678 951 2734; x_wconf 89' lang='lat' dir='ltr'>erat</span> <span class='ocrx_word' id='word_1_157' title='bbox 969 2659 1129 2733; x_wconf 87' lang='lat' dir='ltr'>munitus</span> 
     </span>
     <span class='ocr_line' id='line_1_22' title="bbox 122 2773 1130 2876; baseline -0.005 -27"><span class='ocrx_word' id='word_1_158' title='bbox 122 2801 189 2875; x_wconf 93' lang='lat' dir='ltr'>pro</span> <span class='ocrx_word' id='word_1_159' title='bbox 213 2801 325 2876; x_wconf 89' lang='lat' dir='ltr'>regno</span> <span class='ocrx_word' id='word_1_160' title='bbox 350 2775 667 2874; x_wconf 87' lang='lat' dir='ltr'>incomparabiliter</span> <span class='ocrx_word' id='word_1_161' title='bbox 693 2776 838 2848; x_wconf 88' lang='lat' dir='ltr'>meliore</span> <span class='ocrx_word' id='word_1_162' title='bbox 863 2773 1010 2846; x_wconf 90' lang='lat' dir='ltr'>viriliter</span> <span class='ocrx_word' id='word_1_163' title='bbox 1037 2796 1130 2872; x_wconf 87' lang='lat' dir='ltr'>pug-</span> 
     </span>
     <span class='ocr_line' id='line_1_23' title="bbox 123 2884 1185 2987; baseline -0.006 -26"><span class='ocrx_word' id='word_1_164' title='bbox 123 2906 269 2961; x_wconf 89' lang='lat' dir='ltr'>naturus</span> <span class='ocrx_word' id='word_1_165' title='bbox 287 2945 295 2962; x_wconf 87' lang='lat'><strong>.</strong></span> <span class='ocrx_word' id='word_1_166' title='bbox 314 2887 460 2961; x_wconf 74' lang='lat' dir='ltr'>castrum</span> <span class='ocrx_word' id='word_1_167' title='bbox 478 2888 673 2987; x_wconf 87' lang='lat' dir='ltr'>ingreditur</span> <span class='ocrx_word' id='word_1_168' title='bbox 691 2887 758 2961; x_wconf 88' lang='lat' dir='ltr'>suis</span> <span class='ocrx_word' id='word_1_169' title='bbox 775 2885 885 2986; x_wconf 86' lang='lat' dir='ltr'>copiis</span> <span class='ocrx_word' id='word_1_170' title='bbox 901 2884 981 2959; x_wconf 87' lang='lat' dir='ltr'>satis</span> <span class='ocrx_word' id='word_1_171' title='bbox 992 2901 1127 2984; x_wconf 91' lang='lat' dir='ltr'>aptum.</span> <span class='ocrx_word' id='word_1_172' title='bbox 1183 2897 1185 2901; x_wconf 79' lang='grc'>’</span> 
     </span>
     <span class='ocr_line' id='line_1_24' title="bbox 125 2995 1131 3100; baseline -0.005 -26"><span class='ocrx_word' id='word_1_173' title='bbox 125 3003 167 3074; x_wconf 90' lang='lat' dir='ltr'>In</span> <span class='ocrx_word' id='word_1_174' title='bbox 197 3002 348 3100; x_wconf 88' lang='lat' dir='ltr'>quadam</span> <span class='ocrx_word' id='word_1_175' title='bbox 377 3026 528 3099; x_wconf 87' lang='lat' dir='ltr'>namque</span> <span class='ocrx_word' id='word_1_176' title='bbox 558 3026 645 3098; x_wconf 87' lang='lat' dir='ltr'>rupe</span> <span class='ocrx_word' id='word_1_177' title='bbox 673 2999 768 3074; x_wconf 90' lang='lat' dir='ltr'>secus</span> <span class='ocrx_word' id='word_1_178' title='bbox 797 3001 957 3072; x_wconf 87' lang='lat' dir='ltr'>Dovram</span> <span class='ocrx_word' id='word_1_179' title='bbox 987 2995 1053 3071; x_wconf 88' lang='lat' dir='ltr'>sese</span> <span class='ocrx_word' id='word_1_180' title='bbox 1076 3023 1131 3069; x_wconf 93' lang='lat' dir='ltr'>re-</span> 
     </span>
     <span class='ocr_line' id='line_1_25' title="bbox 125 3109 1132 3213; baseline -0.006 -27"><span class='ocrx_word' id='word_1_181' title='bbox 125 3113 256 3212; x_wconf 84' lang='lat' dir='ltr'>cipiens</span> <span class='ocrx_word' id='word_1_182' title='bbox 285 3170 293 3186; x_wconf 89' lang='lat'><strong>.</strong></span> <span class='ocrx_word' id='word_1_183' title='bbox 322 3112 465 3213; x_wconf 87' lang='lat' dir='ltr'>collegit</span> <span class='ocrx_word' id='word_1_184' title='bbox 496 3112 650 3212; x_wconf 92' lang='lat' dir='ltr'>primum</span> <span class='ocrx_word' id='word_1_185' title='bbox 664 3111 710 3186; x_wconf 90' lang='lat' dir='ltr'>·se</span> <span class='ocrx_word' id='word_1_186' title='bbox 740 3112 777 3184; x_wconf 94' lang='lat' dir='ltr'>in</span> <span class='ocrx_word' id='word_1_187' title='bbox 808 3109 868 3202; x_wconf 92' lang='lat' dir='ltr'>se;</span> <span class='ocrx_word' id='word_1_188' title='bbox 894 3111 1022 3186; x_wconf 91' lang='lat' dir='ltr'>deinde</span> <span class='ocrx_word' id='word_1_189' title='bbox 1044 3134 1132 3182; x_wconf 86' lang='lat' dir='ltr'>con-</span> 
     </span>
    </p>
   </div>
   <div class='ocr_carea' id='block_1_3' title="bbox 15 3223 1263 3891">
    <p class='ocr_par' dir='ltr' id='par_1_3' title="bbox 15 3223 1263 3891">
     <span class='ocr_line' id='line_1_26' title="bbox 15 3223 1131 3324; baseline -0.004 -25"><span class='ocrx_word' id='word_1_190' title='bbox 15 3231 28 3273; x_wconf 65' lang='grc' dir='ltr'><strong><em>Γ</em></strong></span> <span class='ocrx_word' id='word_1_191' title='bbox 126 3224 292 3300; x_wconf 88' lang='lat' dir='ltr'>scendens</span> <span class='ocrx_word' id='word_1_192' title='bbox 325 3252 345 3299; x_wconf 89' lang='lat' dir='ltr'>a</span> <span class='ocrx_word' id='word_1_193' title='bbox 380 3223 411 3298; x_wconf 93' lang='lat' dir='ltr'>se</span> <span class='ocrx_word' id='word_1_194' title='bbox 442 3223 541 3324; x_wconf 89' lang='lat' dir='ltr'>super</span> <span class='ocrx_word' id='word_1_195' title='bbox 569 3223 601 3298; x_wconf 89' lang='lat' dir='ltr'>se</span> <span class='ocrx_word' id='word_1_196' title='bbox 629 3225 791 3298; x_wconf 87' lang='lat' dir='ltr'>cernebat</span> <span class='ocrx_word' id='word_1_197' title='bbox 818 3241 948 3298; x_wconf 89' lang='lat' dir='ltr'>terram</span> <span class='ocrx_word' id='word_1_198' title='bbox 975 3250 994 3296; x_wconf 90' lang='lat' dir='ltr'>a</span> <span class='ocrx_word' id='word_1_199' title='bbox 1025 3223 1131 3321; x_wconf 89' lang='lat' dir='ltr'>longe</span> 
     </span>
     <span class='ocr_line' id='line_1_27' title="bbox 129 3334 1133 3439; baseline -0.006 -28"><span class='ocrx_word' id='word_1_200' title='bbox 129 3338 230 3439; x_wconf 86' lang='lat' dir='ltr'>cujus</span> <span class='ocrx_word' id='word_1_201' title='bbox 254 3337 432 3414; x_wconf 87' lang='lat' dir='ltr'>interdum</span> <span class='ocrx_word' id='word_1_202' title='bbox 459 3363 577 3437; x_wconf 86' lang='lat' dir='ltr'>regem</span> <span class='ocrx_word' id='word_1_203' title='bbox 603 3363 746 3437; x_wconf 88' lang='lat' dir='ltr'>quoque</span> <span class='ocrx_word' id='word_1_204' title='bbox 771 3336 864 3411; x_wconf 94' lang='lat' dir='ltr'>oculi</span> <span class='ocrx_word' id='word_1_205' title='bbox 890 3335 941 3410; x_wconf 92' lang='lat' dir='ltr'>sui</span> <span class='ocrx_word' id='word_1_206' title='bbox 966 3334 1133 3411; x_wconf 86' lang='lat' dir='ltr'>videbant</span> 
     </span>
     <span class='ocr_line' id='line_1_28' title="bbox 129 3447 1135 3550; baseline -0.004 -27"><span class='ocrx_word' id='word_1_207' title='bbox 129 3450 167 3524; x_wconf 91' lang='lat' dir='ltr'>in</span> <span class='ocrx_word' id='word_1_208' title='bbox 185 3449 247 3524; x_wconf 91' lang='lat' dir='ltr'>suo</span> <span class='ocrx_word' id='word_1_209' title='bbox 262 3452 386 3526; x_wconf 89' lang='lat' dir='ltr'>decore</span> <span class='ocrx_word' id='word_1_210' title='bbox 404 3450 441 3524; x_wconf 92' lang='lat' dir='ltr'>in</span> <span class='ocrx_word' id='word_1_211' title='bbox 458 3449 545 3549; x_wconf 82' lang='lat' dir='ltr'>qua⁴</span> <span class='ocrx_word' id='word_1_212' title='bbox 562 3467 597 3523; x_wconf 92' lang='lat' dir='ltr'>et</span> <span class='ocrx_word' id='word_1_213' title='bbox 615 3476 697 3524; x_wconf 92' lang='lat' dir='ltr'>cum</span> <span class='ocrx_word' id='word_1_214' title='bbox 721 3476 795 3550; x_wconf 94' lang='lat' dir='ltr'>quo</span> <span class='ocrx_word' id='word_1_215' title='bbox 817 3449 923 3523; x_wconf 89' lang='lat' dir='ltr'>etiam</span> <span class='ocrx_word' id='word_1_216' title='bbox 947 3447 1021 3548; x_wconf 85' lang='lat' dir='ltr'>ipse</span> <span class='ocrx_word' id='word_1_217' title='bbox 1040 3464 1135 3522; x_wconf 86' lang='lat' dir='ltr'>certa</span> 
     </span>
     <span class='ocr_line' id='line_1_29' title="bbox 130 3560 1134 3665; baseline -0.002 -29"><span class='ocrx_word' id='word_1_218' title='bbox 130 3562 188 3664; x_wconf 94' lang='lat' dir='ltr'>spe</span> <span class='ocrx_word' id='word_1_219' title='bbox 229 3563 448 3665; x_wconf 88' lang='lat' dir='ltr'>presumebat</span> <span class='ocrx_word' id='word_1_220' title='bbox 491 3589 646 3662; x_wconf 86' lang='lat' dir='ltr'>regnare.</span> <span class='ocrx_word' id='word_1_221' title='bbox 716 3563 792 3637; x_wconf 91' lang='lat' dir='ltr'>Hic</span> <span class='ocrx_word' id='word_1_222' title='bbox 829 3563 934 3664; x_wconf 86' lang='lat' dir='ltr'>juxta</span> <span class='ocrx_word' id='word_1_223' title='bbox 975 3560 1134 3660; x_wconf 90' lang='lat' dir='ltr'>decalogi</span> 
     </span>
     <span class='ocr_line' id='line_1_30' title="bbox 131 3674 1263 3772; baseline -0.004 -22"><span class='ocrx_word' id='word_1_224' title='bbox 131 3675 301 3751; x_wconf 89' lang='lat' dir='ltr'>summam</span> <span class='ocrx_word' id='word_1_225' title='bbox 318 3676 526 3751; x_wconf 90' lang='lat' dir='ltr'>decennium</span> <span class='ocrx_word' id='word_1_226' title='bbox 543 3677 579 3748; x_wconf 93' lang='lat' dir='ltr'>in</span> <span class='ocrx_word' id='word_1_227' title='bbox 597 3678 669 3749; x_wconf 89' lang='lat' dir='ltr'>vite</span> <span class='ocrx_word' id='word_1_228' title='bbox 687 3674 837 3748; x_wconf 89' lang='lat' dir='ltr'>solitarie</span> <span class='ocrx_word' id='word_1_229' title='bbox 850 3674 1024 3772; x_wconf 88' lang='lat' dir='ltr'>tyrocinio</span> <span class='ocrx_word' id='word_1_230' title='bbox 1035 3674 1135 3746; x_wconf 89' lang='lat' dir='ltr'>miles</span> <span class='ocrx_word' id='word_1_231' title='bbox 1260 3756 1263 3761; x_wconf 38' lang='grc'>,</span> 
     </span>
     <span class='ocr_line' id='line_1_31' title="bbox 124 3787 1135 3891; baseline -0.005 -28"><span class='ocrx_word' id='word_1_232' title='bbox 124 3789 202 3891; x_wconf 89' lang='lat' dir='ltr'>jam</span> <span class='ocrx_word' id='word_1_233' title='bbox 232 3789 398 3863; x_wconf 88' lang='lat' dir='ltr'>emeritus</span> <span class='ocrx_word' id='word_1_234' title='bbox 424 3791 604 3888; x_wconf 84' lang='lat' dir='ltr'>complens</span> <span class='ocrx_word' id='word_1_235' title='bbox 629 3846 637 3862; x_wconf 94' lang='lat'><strong>.</strong></span> <span class='ocrx_word' id='word_1_236' title='bbox 663 3789 782 3862; x_wconf 84' lang='lat' dir='ltr'>vitalia</span> <span class='ocrx_word' id='word_1_237' title='bbox 802 3789 892 3889; x_wconf 89' lang='lat' dir='ltr'>legis</span> <span class='ocrx_word' id='word_1_238' title='bbox 914 3787 1034 3863; x_wconf 91' lang='lat' dir='ltr'>divine</span> <span class='ocrx_word' id='word_1_239' title='bbox 1058 3812 1135 3885; x_wconf 92' lang='lat' dir='ltr'>pre-</span> 
     </span>
    </p>
   </div>
   <div class='ocr_carea' id='block_1_4' title="bbox 169 3969 1114 4132">
    <p class='ocr_par' dir='ltr' id='par_1_4' title="bbox 169 3969 1114 4132">
     <span class='ocr_line' id='line_1_32' title="bbox 171 3969 1114 4050; baseline -0.001 -21"><span class='ocrx_word' id='word_1_240' title='bbox 171 3971 183 4011; x_wconf 81' lang='lat'>1</span> <span class='ocrx_word' id='word_1_241' title='bbox 206 3971 246 4029; x_wconf 87' lang='lat' dir='ltr'>H.</span> <span class='ocrx_word' id='word_1_242' title='bbox 259 3997 268 4041; x_wconf 66' lang='grc' dir='ltr'>ς</span> <span class='ocrx_word' id='word_1_243' title='bbox 282 3972 347 4030; x_wconf 83' lang='lat' dir='ltr'>isti?</span> <span class='ocrx_word' id='word_1_244' title='bbox 387 3971 444 4042; x_wconf 88' lang='lat' dir='ltr'>Ad,</span> <span class='ocrx_word' id='word_1_245' title='bbox 461 3972 548 4030; x_wconf 63' lang='grc' dir='ltr'>ΜΩ.</span> <span class='ocrx_word' id='word_1_246' title='bbox 670 3969 683 4009; x_wconf 68' lang='lat'><strong>¹</strong></span> <span class='ocrx_word' id='word_1_247' title='bbox 705 3972 745 4031; x_wconf 87' lang='lat' dir='ltr'>H.</span> <span class='ocrx_word' id='word_1_248' title='bbox 755 3997 764 4042; x_wconf 86' lang='lat'>;</span> <span class='ocrx_word' id='word_1_249' title='bbox 785 3969 1009 4050; x_wconf 81' lang='lat' dir='ltr'>postmittendus,</span> <span class='ocrx_word' id='word_1_250' title='bbox 1026 3969 1114 4030; x_wconf 88' lang='lat' dir='ltr'><strong>M.G.</strong></span> 
     </span>
     <span class='ocr_line' id='line_1_33' title="bbox 169 4051 952 4132; baseline -0.003 -21"><span class='ocrx_word' id='word_1_251' title='bbox 169 4051 183 4090; x_wconf 82' lang='lat'>⁸</span> <span class='ocrx_word' id='word_1_252' title='bbox 205 4052 313 4124; x_wconf 81' lang='lat' dir='ltr'><strong>H.M.;</strong></span> <span class='ocrx_word' id='word_1_253' title='bbox 334 4053 510 4132; x_wconf 72' lang='lat' dir='ltr'>professione,</span> <span class='ocrx_word' id='word_1_254' title='bbox 526 4053 565 4113; x_wconf 62' lang='lat' dir='ltr'>G.</span> <span class='ocrx_word' id='word_1_255' title='bbox 668 4053 680 4091; x_wconf 80' lang='lat'>⁴</span> <span class='ocrx_word' id='word_1_256' title='bbox 702 4053 743 4113; x_wconf 83' lang='lat' dir='ltr'>H.</span> <span class='ocrx_word' id='word_1_257' title='bbox 751 4077 762 4122; x_wconf 83' lang='lat'>3</span> <span class='ocrx_word' id='word_1_258' title='bbox 783 4073 848 4132; x_wconf 90' lang='lat' dir='ltr'>quo,</span> <span class='ocrx_word' id='word_1_259' title='bbox 865 4051 952 4113; x_wconf 87' lang='lat' dir='ltr'><strong>M.G.</strong></span> 
     </span>
    </p>
   </div>
   <div class='ocr_carea' id='block_1_5' title="bbox 0 0 1532 5152">
    <p class='ocr_par' dir='ltr' id='par_1_5' title="bbox 0 0 1532 5152">
     <span class='ocr_line' id='line_1_34' title="bbox 0 0 1532 5152; baseline 0 0"><span class='ocrx_word' id='word_1_260' title='bbox 0 0 1532 5152; x_wconf 95' lang='lat' dir='ltr'> </span> 
     </span>
    </p>
   </div>
  </div>
 </body>
</html>
