3000 5152
533 298 623 385 Vita
655 244 821 378 Horoldi
844 294 972 407 Regis.
1202 322 1252 405 39

246 510 360 612 lapsus
375 511 494 590 videre
511 525 547 586 ct
563 509 688 586 deflere
710 506 772 582 sub
789 505 927 608 aspectu
943 510 1067 582 cuneta
1083 505 1255 582 cernentis

247 625 436 702 criminum
461 623 602 727 suorum
631 637 667 698 ct
693 647 851 696 errorum
883 619 998 722 lapsus
1029 620 1122 720 cepit
1155 621 1254 721 regni

246 741 353 842 longe
380 738 542 817 felicioris
569 736 757 812 faciliorem
784 735 899 815 multo
923 736 1017 810 viam
1042 733 1252 837 agnoscere.

246 871 284 930 et
309 855 447 955 copiam
480 851 677 955 presentire.
728 851 832 927 Sedet
861 848 979 925 animo
1006 850 1117 925 crucis
1146 874 1253 951 quam

247 983 422 1043 amaverat
449 967 662 1042 imitatorem
690 962 756 1040 else
782 963 902 1039 tollere
927 960 1088 1064 quotidie
1114 989 1196 1039 cruc

247 1080 342 1156 suam
359 1080 478 1156 venire
494 1078 571 1181 post
588 1077 813 1154 crucifixum:
831 1093 867 1153 et
884 1075 998 1177 ipsum
1015 1074 1121 1180 sequi.
1175 1078 1213 1152 N

246 1221 331 1270 vero
347 1221 368 1269 a
383 1204 506 1270 mente'
526 1193 656 1269 excidit
677 1190 762 1292 quia
786 1207 828 1265 ut
852 1192 898 1268 ad
923 1192 987 1267 hec
1011 1192 1157 1268 idoneus
1178 1191 1253 1266 fieri

247 1309 349 1410 poffit
366 1306 400 1384 se
416 1306 531 1407 ipsum
548 1307 585 1381 in
602 1305 725 1407 primis
736 1304 908 1406 abnegare
918 1303 1046 1380 necesse
1057 1305 1107 1380 srt.
1143 1305 1253 1403 Quod

247 1421 495 1496 nichilominus
511 1438 553 1496 ut
565 1421 668 1522 poffit
690 1420 841 1495 eundem
864 1417 977 1519 ipsum
997 1418 1058 1493 fibi
1081 1419 1118 1493 in
1135 1444 1254 1494 exem-

248 1537 347 1636 plum
373 1535 539 1636 proponit
563 1551 600 1609 et
624 1533 821 1634 adjutorem
843 1530 981 1606 assumit
999 1588 1008 1606 .
1026 1532 1089 1632 qui
1109 1556 1190 1606 cum
1215 1532 1252 1606 in

247 1647 359 1724 forma
385 1648 454 1724 Dei
489 1647 570 1724 esset
605 1645 751 1748 seipsum
783 1645 933 1721 sormam
968 1644 1054 1721 servi
1083 1646 1254 1745 accipiens

245 1762 448 1837 exinanivit.
502 1762 664 1836 Intuetur
675 1761 753 1862 jam
769 1760 919 1861 qualiter
935 1759 1112 1834 Dominus
1128 1760 1252 1836 mundi

245 1877 465 1952 mundanum
482 1900 563 1951 cum
580 1875 662 1950 esset
679 1875 716 1948 in
733 1874 869 1949 mundo
890 1871 1020 1974 sprevit
1036 1873 1223 1973 imperium
1241 1929 1251 1948 .

246 1990 308 2092 qui
325 2005 361 2065 et
377 1989 529 2091 quesitus
545 1990 582 2064 in
600 2014 738 2090 regem:
763 1987 893 2088 sugerit
912 2044 921 2062 .
939 2005 976 2063 et
992 1987 1134 2063 milibus
1155 1985 1254 2064 obse·

245 2103 434 2205 quencium
463 2102 576 2178 turbis
610 2100 757 2177 solitarie
787 2101 954 2176 orationis
983 2100 1144 2177 secessum
1173 2127 1253 2202 pre-

243 2217 375 2291 tulerit.
434 2213 680 2290 Reminiscitur
713 2216 832 2291 datam
864 2213 947 2288 huic
989 2240 1052 2317 per
1092 2215 1252 2314 pollionis

243 2330 331 2406 dure
360 2346 396 2404 et
425 2329 549 2404 mortis
577 2329 651 2404 dire
687 2327 894 2429 supplicium
927 2352 1070 2402 omnem
1104 2328 1141 2402 in
1177 2329 1252 2402 celo

244 2461 281 2519 et
309 2442 347 2517 in
374 2458 466 2517 terra
492 2441 709 2544 potestatem.
762 2442 927 2518 Previdet
953 2441 997 2515 ab
1025 2442 1122 2516 omni
1149 2467 1251 2517 carne

148 2635 150 2639 ,
207 2588 210 2594 ’
245 2556 326 2631 huic
339 2556 481 2631 tandem
494 2556 984 2659 occurrendum-donandum
997 2555 1041 2629 ab
1054 2580 1098 2630 eo
1109 2580 1251 2630 omnem

202 2748 206 2753 ,
245 2670 425 2746 hominem
447 2695 558 2771 regno
580 2671 636 2745 vel
658 2667 828 2769 supplicio
847 2668 1008 2745 meminit
1031 2667 1250 2769 sempiterno.

243 2784 315 2858 Scit
344 2782 510 2884 quidem¹
542 2783 690 2858 sreatur
722 2784 767 2858 ad
793 2783 1086 2859 committendum
1119 2774 1251 2860 bellum

228 2903 324 2973 'cum
359 2923 402 2972 eo
429 2895 500 2998 ipse
528 2922 610 2972 cum
639 2898 761 2973 decem
787 2897 929 2972 milibus
962 2897 1022 2972 srbi
1057 2901 1278 2974 occurrenti

243 3010 369 3086 obvius
391 3035 473 3086 cum
491 3010 619 3112 viginti
644 3010 786 3085 milibus
808 3010 939 3086 veniat
954 3009 1056 3112 cujus
1080 3013 1251 3087 adventus

243 3123 451 3224 improvisus
475 3124 576 3227 quus
594 3122 709 3224 dispar
726 3141 911 3225 apparatus
929 3182 938 3199 .
956 3123 1088 3225 quam²
1103 3126 1251 3201 latenter

243 3237 379 3315 invadit
411 3255 486 3313 tam
528 3254 690 3338 potenter
715 3239 970 3339 'improvidum
1003 3263 1180 3341 quemque
1213 3258 1250 3316 ct

242 3349 454 3450 imparatum
471 3374 725 3452 nonnunquam
742 3351 949 3427 exterminat
964 3367 1001 3426 et
1018 3353 1203 3455 extinguit.

293 3464 495 3540 Posthabito
523 3464 633 3567 igitur
659 3465 753 3540 inani
780 3466 982 3565 temporalis
1007 3467 1106 3568 regni
1137 3467 1250 3544 studio

243 3577 379 3678 abjedio
411 3595 547 3653 terrene
580 3578 850 3654 concertationis
883 3579 1017 3654 exiciali
1059 3581 1247 3682 proposito.

241 3691 313 3766 Ad·
327 3692 421 3766 hunc
444 3717 562 3793 regem
588 3693 701 3768 adhuc
726 3694 831 3794 longe
854 3709 1015 3794 agentem
1037 3694 1327 3795 legationemtre

241 3805 379 3880 mittere
408 3805 453 3880 ab
480 3832 523 3881 eo
553 3832 622 3907 que
650 3831 731 3881 vere
758 3807 852 3907 pacis
877 3805 956 3881 sunt
979 3822 1056 3881 tota
1082 3810 1249 3908 proponit

241 3918 439 3993 intencione
473 3919 653 4019 postulare.
706 3920 818 4021 Cujus
844 3937 961 3995 tamen
989 3921 1075 3995 iram
1105 3919 1173 3995 suis
1207 3941 1247 3997 ut

240 4065 253 4106 ²
275 4067 430 4147 Quoniam,
444 4066 504 4138 G.;
526 4067 584 4148 qm,
601 4068 639 4130 H.
653 4093 662 4138 3
683 4082 829 4148 quantum,
846 4069 891 4131 M.
938 4068 952 4109 ²
971 4067 1013 4129 H.
1023 4093 1033 4140 ;
1047 4089 1143 4149 quem,
1159 4070 1246 4132 ΜΩ.
