<?xml version="1.0" encoding="UTF-8"?>
<!DOCTYPE html PUBLIC "-//W3C//DTD XHTML 1.0 Transitional//EN"
    "http://www.w3.org/TR/xhtml1/DTD/xhtml1-transitional.dtd">
<html xmlns="http://www.w3.org/1999/xhtml" xml:lang="en" lang="en">
 <head>
  <title>
</title>
<meta http-equiv="Content-Type" content="text/html;charset=utf-8" />
  <meta name='ocr-system' content='tesseract 3.04.00' />
  <meta name='ocr-capabilities' content='ocr_page ocr_carea ocr_par ocr_line ocrx_word'/>
</head>
<body>
  <div class='ocr_page' id='page_1' title='image "./vitaharoldiroma00musegoog_0063.png"; bbox 0 0 3000 5152; ppageno 0'>
   <div class='ocr_carea' id='block_1_1' title="bbox 391 291 1109 402">
    <p class='ocr_par' dir='ltr' id='par_1_1' title="bbox 391 291 1109 402">
     <span class='ocr_line' id='line_1_1' title="bbox 391 291 1109 402; baseline 0.01 -35"><span class='ocrx_word' id='word_1_1' title='bbox 391 312 445 392; x_wconf 88' lang='lat'>40</span> <span class='ocrx_word' id='word_1_2' title='bbox 675 291 765 373; x_wconf 85' lang='lat' dir='ltr'>Vita</span> <span class='ocrx_word' id='word_1_3' title='bbox 793 291 957 375; x_wconf 83' lang='lat' dir='ltr'>Haroldi</span> <span class='ocrx_word' id='word_1_4' title='bbox 981 292 1109 402; x_wconf 83' lang='lat' dir='ltr'>Regis.</span> 
     </span>
    </p>
   </div>
   <div class='ocr_carea' id='block_1_2' title="bbox 364 500 1400 1514">
    <p class='ocr_par' dir='ltr' id='par_1_2' title="bbox 364 500 1400 1514">
     <span class='ocr_line' id='line_1_2' title="bbox 391 500 1399 604; baseline 0.001 -30"><span class='ocrx_word' id='word_1_5' title='bbox 391 500 538 575; x_wconf 90' lang='lat' dir='ltr'>timebat</span> <span class='ocrx_word' id='word_1_6' title='bbox 555 500 690 575; x_wconf 82' lang='lat' dir='ltr'>offensis</span> <span class='ocrx_word' id='word_1_7' title='bbox 706 504 919 577; x_wconf 86' lang='lat' dir='ltr'>cumulatam</span> <span class='ocrx_word' id='word_1_8' title='bbox 936 530 980 578; x_wconf 91' lang='lat' dir='ltr'>ne</span> <span class='ocrx_word' id='word_1_9' title='bbox 997 503 1055 578; x_wconf 93' lang='lat' dir='ltr'>sua</span> <span class='ocrx_word' id='word_1_10' title='bbox 1073 503 1161 579; x_wconf 91' lang='lat' dir='ltr'>sorte</span> <span class='ocrx_word' id='word_1_11' title='bbox 1178 503 1247 578; x_wconf 92' lang='lat' dir='ltr'>sola</span> <span class='ocrx_word' id='word_1_12' title='bbox 1263 503 1399 604; x_wconf 88' lang='lat' dir='ltr'>legacio</span> 
     </span>
     <span class='ocr_line' id='line_1_3' title="bbox 392 612 1398 718; baseline 0 -30"><span class='ocrx_word' id='word_1_13' title='bbox 392 615 509 688; x_wconf 87' lang='lat' dir='ltr'>minus</span> <span class='ocrx_word' id='word_1_14' title='bbox 543 612 710 690; x_wconf 89' lang='lat' dir='ltr'>sufficeret</span> <span class='ocrx_word' id='word_1_15' title='bbox 743 617 907 692; x_wconf 89' lang='lat' dir='ltr'>delinire:</span> <span class='ocrx_word' id='word_1_16' title='bbox 943 618 1169 718; x_wconf 88' lang='lat' dir='ltr'>inquirendos</span> <span class='ocrx_word' id='word_1_17' title='bbox 1203 615 1333 691; x_wconf 90' lang='lat' dir='ltr'>censuit</span> <span class='ocrx_word' id='word_1_18' title='bbox 1363 634 1398 688; x_wconf 87' lang='lat' dir='ltr'>et</span> 
     </span>
     <span class='ocr_line' id='line_1_4' title="bbox 393 728 1399 833; baseline 0.002 -32"><span class='ocrx_word' id='word_1_19' title='bbox 393 728 522 829; x_wconf 86' lang='lat' dir='ltr'>quibus</span> <span class='ocrx_word' id='word_1_20' title='bbox 547 730 656 829; x_wconf 83' lang='lat' dir='ltr'>posset</span> <span class='ocrx_word' id='word_1_21' title='bbox 685 729 857 831; x_wconf 87' lang='lat' dir='ltr'>obsequiis</span> <span class='ocrx_word' id='word_1_22' title='bbox 883 733 1109 833; x_wconf 89' lang='lat' dir='ltr'>inquirendos</span> <span class='ocrx_word' id='word_1_23' title='bbox 1132 790 1140 806; x_wconf 95' lang='lat'><strong>.</strong></span> <span class='ocrx_word' id='word_1_24' title='bbox 1162 749 1198 806; x_wconf 91' lang='lat' dir='ltr'>et</span> <span class='ocrx_word' id='word_1_25' title='bbox 1223 731 1281 806; x_wconf 93' lang='lat' dir='ltr'>sue</span> <span class='ocrx_word' id='word_1_26' title='bbox 1304 733 1399 832; x_wconf 89' lang='lat' dir='ltr'>lega-</span> 
     </span>
     <span class='ocr_line' id='line_1_5' title="bbox 392 843 1399 946; baseline 0.002 -30"><span class='ocrx_word' id='word_1_27' title='bbox 392 843 502 917; x_wconf 84' lang='lat' dir='ltr'>cionis</span> <span class='ocrx_word' id='word_1_28' title='bbox 518 869 691 944; x_wconf 87' lang='lat' dir='ltr'>congruos</span> <span class='ocrx_word' id='word_1_29' title='bbox 718 845 894 946; x_wconf 89' lang='lat' dir='ltr'>adjutores</span> <span class='ocrx_word' id='word_1_30' title='bbox 919 863 954 921; x_wconf 88' lang='lat' dir='ltr'>et</span> <span class='ocrx_word' id='word_1_31' title='bbox 971 848 1126 946; x_wconf 88' lang='lat' dir='ltr'>ydoneos</span> <span class='ocrx_word' id='word_1_32' title='bbox 1151 847 1245 946; x_wconf 91' lang='lat' dir='ltr'>apud</span> <span class='ocrx_word' id='word_1_33' title='bbox 1271 846 1399 919; x_wconf 82' lang='lat' dir='ltr'>iratum</span> 
     </span>
     <span class='ocr_line' id='line_1_6' title="bbox 364 957 1398 1061; baseline 0.001 -29"><span class='ocrx_word' id='word_1_34' title='bbox 364 960 371 969; x_wconf 84' lang='lat'>&#39;</span> <span class='ocrx_word' id='word_1_35' title='bbox 391 983 510 1058; x_wconf 85' lang='lat' dir='ltr'>regem</span> <span class='ocrx_word' id='word_1_36' title='bbox 527 957 779 1034; x_wconf 65' lang='lat' dir='ltr'>interventores</span> <span class='ocrx_word' id='word_1_37' title='bbox 793 1017 802 1034; x_wconf 88' lang='lat'><strong>.</strong></span> <span class='ocrx_word' id='word_1_38' title='bbox 816 959 918 1061; x_wconf 90' lang='lat' dir='ltr'>cujus</span> <span class='ocrx_word' id='word_1_39' title='bbox 934 962 979 1036; x_wconf 91' lang='lat' dir='ltr'>de</span> <span class='ocrx_word' id='word_1_40' title='bbox 997 977 1111 1036; x_wconf 88' lang='lat' dir='ltr'>cetero</span> <span class='ocrx_word' id='word_1_41' title='bbox 1129 958 1234 1034; x_wconf 82' lang='lat' dir='ltr'>solius</span> <span class='ocrx_word' id='word_1_42' title='bbox 1249 959 1398 1061; x_wconf 84' lang='lat' dir='ltr'>gratiam</span> 
     </span>
     <span class='ocr_line' id='line_1_7' title="bbox 392 1072 1400 1174; baseline 0.002 -29"><span class='ocrx_word' id='word_1_43' title='bbox 392 1072 555 1171; x_wconf 88' lang='lat' dir='ltr'>probavit</span> <span class='ocrx_word' id='word_1_44' title='bbox 570 1091 607 1147; x_wconf 90' lang='lat' dir='ltr'>et</span> <span class='ocrx_word' id='word_1_45' title='bbox 628 1074 776 1174; x_wconf 86' lang='lat' dir='ltr'>gloriam</span> <span class='ocrx_word' id='word_1_46' title='bbox 802 1075 1033 1151; x_wconf 90' lang='lat' dir='ltr'>ambiendam.</span> <span class='ocrx_word' id='word_1_47' title='bbox 1087 1077 1255 1149; x_wconf 83' lang='lat' dir='ltr'>Mutatur</span> <span class='ocrx_word' id='word_1_48' title='bbox 1280 1075 1400 1174; x_wconf 85' lang='lat' dir='ltr'>itaque</span> 
     </span>
     <span class='ocr_line' id='line_1_8' title="bbox 392 1184 1400 1288; baseline 0.002 -29"><span class='ocrx_word' id='word_1_49' title='bbox 392 1187 430 1259; x_wconf 90' lang='lat' dir='ltr'>in</span> <span class='ocrx_word' id='word_1_50' title='bbox 447 1184 613 1262; x_wconf 87' lang='lat' dir='ltr'>Haroldo</span> <span class='ocrx_word' id='word_1_51' title='bbox 636 1188 789 1262; x_wconf 85' lang='lat' dir='ltr'>hominis</span> <span class='ocrx_word' id='word_1_52' title='bbox 814 1207 955 1288; x_wconf 90' lang='lat' dir='ltr'>repente</span> <span class='ocrx_word' id='word_1_53' title='bbox 973 1189 1153 1263; x_wconf 81' lang='lat' dir='ltr'>exterioris</span> <span class='ocrx_word' id='word_1_54' title='bbox 1178 1188 1318 1262; x_wconf 84' lang='lat' dir='ltr'>habitus</span> <span class='ocrx_word' id='word_1_55' title='bbox 1335 1244 1344 1262; x_wconf 86' lang='lat'><strong>.</strong></span> <span class='ocrx_word' id='word_1_56' title='bbox 1363 1205 1400 1261; x_wconf 90' lang='lat' dir='ltr'>et</span> 
     </span>
     <span class='ocr_line' id='line_1_9' title="bbox 393 1299 1400 1402; baseline 0.001 -28"><span class='ocrx_word' id='word_1_57' title='bbox 393 1299 567 1374; x_wconf 84' lang='lat' dir='ltr'>interioris</span> <span class='ocrx_word' id='word_1_58' title='bbox 588 1299 740 1375; x_wconf 73' lang='lat' dir='ltr'>affestus.</span> <span class='ocrx_word' id='word_1_59' title='bbox 795 1303 911 1376; x_wconf 90' lang='lat' dir='ltr'>Fulcit</span> <span class='ocrx_word' id='word_1_60' title='bbox 938 1328 1045 1402; x_wconf 91' lang='lat' dir='ltr'>quam</span> <span class='ocrx_word' id='word_1_61' title='bbox 1071 1328 1202 1377; x_wconf 85' lang='lat' dir='ltr'>armare</span> <span class='ocrx_word' id='word_1_62' title='bbox 1222 1299 1400 1376; x_wconf 89' lang='lat' dir='ltr'>consuevit</span> 
     </span>
     <span class='ocr_line' id='line_1_10' title="bbox 393 1414 1399 1514; baseline -0.001 -25"><span class='ocrx_word' id='word_1_63' title='bbox 393 1439 538 1489; x_wconf 86' lang='lat' dir='ltr'>manum</span> <span class='ocrx_word' id='word_1_64' title='bbox 567 1470 576 1487; x_wconf 88' lang='lat'><strong>.</strong></span> <span class='ocrx_word' id='word_1_65' title='bbox 606 1431 738 1488; x_wconf 83' lang='lat' dir='ltr'>curtata</span> <span class='ocrx_word' id='word_1_66' title='bbox 762 1414 798 1488; x_wconf 87' lang='lat' dir='ltr'>in</span> <span class='ocrx_word' id='word_1_67' title='bbox 827 1414 990 1508; x_wconf 77' lang='lat' dir='ltr'>baculum</span> <span class='ocrx_word' id='word_1_68' title='bbox 1019 1415 1110 1489; x_wconf 87' lang='lat' dir='ltr'>hasta</span> <span class='ocrx_word' id='word_1_69' title='bbox 1138 1473 1147 1488; x_wconf 92' lang='lat'><strong>.</strong></span> <span class='ocrx_word' id='word_1_70' title='bbox 1176 1440 1242 1514; x_wconf 93' lang='lat' dir='ltr'>pro</span> <span class='ocrx_word' id='word_1_71' title='bbox 1268 1415 1399 1514; x_wconf 91' lang='lat' dir='ltr'>clipeo:</span> 
     </span>
    </p>
   </div>
   <div class='ocr_carea' id='block_1_3' title="bbox 274 1527 1400 1629">
    <p class='ocr_par' dir='ltr' id='par_1_3' title="bbox 274 1527 1400 1629">
     <span class='ocr_line' id='line_1_11' title="bbox 274 1527 1400 1629; baseline 0.002 -29"><span class='ocrx_word' id='word_1_72' title='bbox 274 1624 277 1629; x_wconf 17' lang='lat'><strong><em>³</em></strong></span> <span class='ocrx_word' id='word_1_73' title='bbox 393 1553 475 1628; x_wconf 90' lang='lat' dir='ltr'>pera</span> <span class='ocrx_word' id='word_1_74' title='bbox 498 1528 590 1602; x_wconf 85' lang='lat' dir='ltr'>collo</span> <span class='ocrx_word' id='word_1_75' title='bbox 614 1527 824 1626; x_wconf 87' lang='lat' dir='ltr'>appenditur</span> <span class='ocrx_word' id='word_1_76' title='bbox 849 1585 857 1601; x_wconf 90' lang='lat'><strong>.</strong></span> <span class='ocrx_word' id='word_1_77' title='bbox 879 1529 974 1602; x_wconf 89' lang='lat' dir='ltr'>filtro</span> <span class='ocrx_word' id='word_1_78' title='bbox 994 1546 1114 1603; x_wconf 88' lang='lat' dir='ltr'>vertex</span> <span class='ocrx_word' id='word_1_79' title='bbox 1139 1527 1400 1603; x_wconf 87' lang='lat' dir='ltr'>adumbratur:</span> 
     </span>
    </p>
   </div>
   <div class='ocr_carea' id='block_1_4' title="bbox 393 1639 1408 3986">
    <p class='ocr_par' dir='ltr' id='par_1_4' title="bbox 393 1639 1408 3986">
     <span class='ocr_line' id='line_1_12' title="bbox 393 1639 1399 1740; baseline -0.002 -26"><span class='ocrx_word' id='word_1_80' title='bbox 393 1664 500 1740; x_wconf 88' lang='lat' dir='ltr'>quem</span> <span class='ocrx_word' id='word_1_81' title='bbox 543 1641 679 1715; x_wconf 91' lang='lat' dir='ltr'>munire</span> <span class='ocrx_word' id='word_1_82' title='bbox 722 1641 819 1740; x_wconf 86' lang='lat' dir='ltr'>galea</span> <span class='ocrx_word' id='word_1_83' title='bbox 857 1698 865 1714; x_wconf 94' lang='lat'><strong>.</strong></span> <span class='ocrx_word' id='word_1_84' title='bbox 901 1667 1022 1717; x_wconf 89' lang='lat' dir='ltr'>ornare</span> <span class='ocrx_word' id='word_1_85' title='bbox 1060 1642 1219 1717; x_wconf 82' lang='lat' dir='ltr'>diadema</span> <span class='ocrx_word' id='word_1_86' title='bbox 1258 1639 1399 1714; x_wconf 83' lang='lat' dir='ltr'>solebat.</span> 
     </span>
     <span class='ocr_line' id='line_1_13' title="bbox 395 1752 1402 1853; baseline -0.001 -27"><span class='ocrx_word' id='word_1_87' title='bbox 395 1754 506 1828; x_wconf 88' lang='lat' dir='ltr'>Pedes</span> <span class='ocrx_word' id='word_1_88' title='bbox 523 1770 559 1827; x_wconf 91' lang='lat' dir='ltr'>et</span> <span class='ocrx_word' id='word_1_89' title='bbox 575 1752 672 1852; x_wconf 83' lang='lat' dir='ltr'>tybie</span> <span class='ocrx_word' id='word_1_90' title='bbox 689 1778 754 1853; x_wconf 92' lang='lat' dir='ltr'>pro</span> <span class='ocrx_word' id='word_1_91' title='bbox 779 1752 936 1830; x_wconf 85' lang='lat' dir='ltr'>sandaliis</span> <span class='ocrx_word' id='word_1_92' title='bbox 962 1771 997 1828; x_wconf 92' lang='lat' dir='ltr'>et</span> <span class='ocrx_word' id='word_1_93' title='bbox 1021 1755 1130 1828; x_wconf 85' lang='lat' dir='ltr'>ocreis</span> <span class='ocrx_word' id='word_1_94' title='bbox 1146 1755 1201 1828; x_wconf 87' lang='lat' dir='ltr'>vel</span> <span class='ocrx_word' id='word_1_95' title='bbox 1225 1755 1402 1830; x_wconf 85' lang='lat' dir='ltr'>nudantur</span> 
     </span>
     <span class='ocr_line' id='line_1_14' title="bbox 393 1864 1401 1942; baseline 0.001 -2"><span class='ocrx_word' id='word_1_96' title='bbox 393 1865 552 1941; x_wconf 80' lang='lat' dir='ltr'>funditus</span> <span class='ocrx_word' id='word_1_97' title='bbox 581 1867 636 1939; x_wconf 91' lang='lat' dir='ltr'>vel</span> <span class='ocrx_word' id='word_1_98' title='bbox 664 1864 866 1941; x_wconf 89' lang='lat' dir='ltr'>semicinciis</span> <span class='ocrx_word' id='word_1_99' title='bbox 896 1867 1145 1941; x_wconf 87' lang='lat' dir='ltr'>obvolvuntur.</span> <span class='ocrx_word' id='word_1_100' title='bbox 1198 1868 1254 1941; x_wconf 89' lang='lat' dir='ltr'>Ut</span> <span class='ocrx_word' id='word_1_101' title='bbox 1283 1883 1401 1942; x_wconf 88' lang='lat' dir='ltr'>autem</span> 
     </span>
     <span class='ocr_line' id='line_1_15' title="bbox 394 1978 1402 2081; baseline -0.001 -27"><span class='ocrx_word' id='word_1_102' title='bbox 394 1996 429 2054; x_wconf 90' lang='lat' dir='ltr'>et</span> <span class='ocrx_word' id='word_1_103' title='bbox 463 1979 596 2078; x_wconf 88' lang='lat' dir='ltr'>reliqua</span> <span class='ocrx_word' id='word_1_104' title='bbox 630 1978 780 2053; x_wconf 89' lang='lat' dir='ltr'>breviter</span> <span class='ocrx_word' id='word_1_105' title='bbox 814 1981 1044 2081; x_wconf 89' lang='lat' dir='ltr'>explicemus:</span> <span class='ocrx_word' id='word_1_106' title='bbox 1080 1980 1195 2055; x_wconf 85' lang='lat' dir='ltr'>omnis</span> <span class='ocrx_word' id='word_1_107' title='bbox 1229 1995 1402 2053; x_wconf 88' lang='lat' dir='ltr'>armatura</span> 
     </span>
     <span class='ocr_line' id='line_1_16' title="bbox 394 2092 1400 2194; baseline 0.001 -28"><span class='ocrx_word' id='word_1_108' title='bbox 394 2092 493 2167; x_wconf 89' lang='lat' dir='ltr'>fortis</span> <span class='ocrx_word' id='word_1_109' title='bbox 508 2150 516 2166; x_wconf 90' lang='lat'><strong>.</strong></span> <span class='ocrx_word' id='word_1_110' title='bbox 530 2108 627 2166; x_wconf 91' lang='lat' dir='ltr'>totus</span> <span class='ocrx_word' id='word_1_111' title='bbox 644 2094 797 2192; x_wconf 85' lang='lat' dir='ltr'>potentis</span> <span class='ocrx_word' id='word_1_112' title='bbox 813 2112 957 2169; x_wconf 87' lang='lat' dir='ltr'>ornatus</span> <span class='ocrx_word' id='word_1_113' title='bbox 968 2096 1023 2168; x_wconf 92' lang='lat' dir='ltr'>vel</span> <span class='ocrx_word' id='word_1_114' title='bbox 1041 2094 1222 2170; x_wconf 90' lang='lat' dir='ltr'>abdicatur</span> <span class='ocrx_word' id='word_1_115' title='bbox 1238 2094 1400 2194; x_wconf 89' lang='lat' dir='ltr'>penitus.</span> 
     </span>
     <span class='ocr_line' id='line_1_17' title="bbox 395 2206 1401 2307; baseline 0 -27"><span class='ocrx_word' id='word_1_116' title='bbox 395 2223 455 2281; x_wconf 93' lang='lat' dir='ltr'>aut</span> <span class='ocrx_word' id='word_1_117' title='bbox 473 2207 510 2280; x_wconf 92' lang='lat' dir='ltr'>in</span> <span class='ocrx_word' id='word_1_118' title='bbox 523 2206 758 2306; x_wconf 89' lang='lat' dir='ltr'>abjeccionem</span> <span class='ocrx_word' id='word_1_119' title='bbox 775 2207 998 2283; x_wconf 75' lang='lat' dir='ltr'>transfertur:</span> <span class='ocrx_word' id='word_1_120' title='bbox 1017 2225 1052 2282; x_wconf 92' lang='lat' dir='ltr'>et</span> <span class='ocrx_word' id='word_1_121' title='bbox 1065 2208 1252 2307; x_wconf 90' lang='lat' dir='ltr'>penitentis</span> <span class='ocrx_word' id='word_1_122' title='bbox 1264 2232 1401 2307; x_wconf 90' lang='lat' dir='ltr'>penam.</span> 
     </span>
     <span class='ocr_line' id='line_1_18' title="bbox 396 2298 1404 2396; baseline 0 -2"><span class='ocrx_word' id='word_1_123' title='bbox 396 2298 492 2394; x_wconf 82' lang='lat' dir='ltr'>Nam</span> <span class='ocrx_word' id='word_1_124' title='bbox 526 2319 681 2395; x_wconf 88' lang='lat' dir='ltr'>humeris</span> <span class='ocrx_word' id='word_1_125' title='bbox 713 2321 848 2394; x_wconf 89' lang='lat' dir='ltr'>lacertis</span> <span class='ocrx_word' id='word_1_126' title='bbox 877 2379 885 2395; x_wconf 93' lang='lat'><strong>.</strong></span> <span class='ocrx_word' id='word_1_127' title='bbox 921 2322 1050 2396; x_wconf 86' lang='lat' dir='ltr'>lumbis</span> <span class='ocrx_word' id='word_1_128' title='bbox 1079 2338 1113 2395; x_wconf 93' lang='lat' dir='ltr'>et</span> <span class='ocrx_word' id='word_1_129' title='bbox 1145 2321 1263 2396; x_wconf 89' lang='lat' dir='ltr'>lateri:</span> <span class='ocrx_word' id='word_1_130' title='bbox 1298 2320 1404 2394; x_wconf 92' lang='lat' dir='ltr'>lorica</span> 
     </span>
     <span class='ocr_line' id='line_1_19' title="bbox 395 2430 1405 2535; baseline 0 -28"><span class='ocrx_word' id='word_1_131' title='bbox 395 2431 507 2507; x_wconf 87' lang='lat' dir='ltr'>solum</span> <span class='ocrx_word' id='word_1_132' title='bbox 532 2490 540 2506; x_wconf 92' lang='lat'><em>.</em></span> <span class='ocrx_word' id='word_1_133' title='bbox 566 2430 663 2507; x_wconf 92' lang='lat' dir='ltr'>solita</span> <span class='ocrx_word' id='word_1_134' title='bbox 689 2459 760 2507; x_wconf 90' lang='lat' dir='ltr'>non</span> <span class='ocrx_word' id='word_1_135' title='bbox 786 2434 985 2509; x_wconf 91' lang='lat' dir='ltr'>adimitur.</span> <span class='ocrx_word' id='word_1_136' title='bbox 1010 2433 1067 2510; x_wconf 92' lang='lat' dir='ltr'>sed</span> <span class='ocrx_word' id='word_1_137' title='bbox 1095 2434 1256 2535; x_wconf 91' lang='lat' dir='ltr'>proprius</span> <span class='ocrx_word' id='word_1_138' title='bbox 1281 2435 1405 2509; x_wconf 91' lang='lat' dir='ltr'>admo-</span> 
     </span>
     <span class='ocr_line' id='line_1_20' title="bbox 395 2545 1403 2649; baseline 0 -29"><span class='ocrx_word' id='word_1_139' title='bbox 395 2563 507 2621; x_wconf 89' lang='lat' dir='ltr'>vetur.</span> <span class='ocrx_word' id='word_1_140' title='bbox 566 2545 761 2620; x_wconf 73' lang='lat' dir='ltr'>Abstraesa1</span> <span class='ocrx_word' id='word_1_141' title='bbox 796 2546 963 2647; x_wconf 77' lang='lat' dir='ltr'>siquidem</span> <span class='ocrx_word' id='word_1_142' title='bbox 998 2564 1033 2623; x_wconf 94' lang='lat' dir='ltr'>et</span> <span class='ocrx_word' id='word_1_143' title='bbox 1068 2547 1201 2649; x_wconf 71' lang='lat' dir='ltr'>abjesta</span> <span class='ocrx_word' id='word_1_144' title='bbox 1235 2547 1403 2621; x_wconf 88' lang='lat' dir='ltr'>interula:</span> 
     </span>
     <span class='ocr_line' id='line_1_21' title="bbox 396 2660 1405 2761; baseline -0.002 -26"><span class='ocrx_word' id='word_1_145' title='bbox 396 2662 490 2736; x_wconf 92' lang='lat' dir='ltr'>nude</span> <span class='ocrx_word' id='word_1_146' title='bbox 509 2661 602 2734; x_wconf 89' lang='lat' dir='ltr'>carni</span> <span class='ocrx_word' id='word_1_147' title='bbox 626 2660 744 2734; x_wconf 85' lang='lat' dir='ltr'>calibis</span> <span class='ocrx_word' id='word_1_148' title='bbox 760 2661 909 2736; x_wconf 89' lang='lat' dir='ltr'>duricies</span> <span class='ocrx_word' id='word_1_149' title='bbox 938 2663 1132 2761; x_wconf 87' lang='lat' dir='ltr'>copulatur.</span> <span class='ocrx_word' id='word_1_150' title='bbox 1184 2661 1239 2734; x_wconf 84' lang='lat' dir='ltr'>Sic</span> <span class='ocrx_word' id='word_1_151' title='bbox 1257 2661 1405 2761; x_wconf 89' lang='lat' dir='ltr'>vigilans</span> 
     </span>
     <span class='ocr_line' id='line_1_22' title="bbox 397 2772 1405 2850; baseline -0.003 -1"><span class='ocrx_word' id='word_1_152' title='bbox 397 2801 468 2849; x_wconf 92' lang='lat' dir='ltr'>non</span> <span class='ocrx_word' id='word_1_153' title='bbox 496 2790 648 2848; x_wconf 91' lang='lat' dir='ltr'>armatus</span> <span class='ocrx_word' id='word_1_154' title='bbox 682 2772 739 2849; x_wconf 94' lang='lat' dir='ltr'>sed</span> <span class='ocrx_word' id='word_1_155' title='bbox 767 2775 994 2848; x_wconf 87' lang='lat' dir='ltr'>incarceratus</span> <span class='ocrx_word' id='word_1_156' title='bbox 1028 2775 1158 2850; x_wconf 90' lang='lat' dir='ltr'>incedit</span> <span class='ocrx_word' id='word_1_157' title='bbox 1188 2773 1280 2848; x_wconf 86' lang='lat' dir='ltr'>ferro</span> <span class='ocrx_word' id='word_1_158' title='bbox 1315 2832 1323 2848; x_wconf 93' lang='lat'><strong>.</strong></span> <span class='ocrx_word' id='word_1_159' title='bbox 1362 2774 1405 2847; x_wconf 88' lang='lat' dir='ltr'>sic</span> 
     </span>
     <span class='ocr_line' id='line_1_23' title="bbox 396 2887 1403 2988; baseline -0.004 -23"><span class='ocrx_word' id='word_1_160' title='bbox 396 2888 630 2965; x_wconf 90' lang='lat' dir='ltr'>dormientem</span> <span class='ocrx_word' id='word_1_161' title='bbox 642 2913 713 2962; x_wconf 91' lang='lat' dir='ltr'>non</span> <span class='ocrx_word' id='word_1_162' title='bbox 726 2888 851 2961; x_wconf 87' lang='lat' dir='ltr'>thorus</span> <span class='ocrx_word' id='word_1_163' title='bbox 863 2888 992 2988; x_wconf 92' lang='lat' dir='ltr'>excipit</span> <span class='ocrx_word' id='word_1_164' title='bbox 1008 2947 1015 2962; x_wconf 95' lang='lat'><strong><em>.</em></strong></span> <span class='ocrx_word' id='word_1_165' title='bbox 1031 2887 1088 2964; x_wconf 89' lang='lat' dir='ltr'>sed</span> <span class='ocrx_word' id='word_1_166' title='bbox 1104 2888 1231 2961; x_wconf 87' lang='lat' dir='ltr'>thorax</span> <span class='ocrx_word' id='word_1_167' title='bbox 1243 2887 1403 2962; x_wconf 89' lang='lat' dir='ltr'>includit.</span> 
     </span>
     <span class='ocr_line' id='line_1_24' title="bbox 399 2998 1404 3101; baseline -0.003 -25"><span class='ocrx_word' id='word_1_168' title='bbox 399 3003 447 3077; x_wconf 89' lang='lat' dir='ltr'>Et</span> <span class='ocrx_word' id='word_1_169' title='bbox 482 3001 569 3075; x_wconf 89' lang='lat' dir='ltr'>mira</span> <span class='ocrx_word' id='word_1_170' title='bbox 603 3002 704 3101; x_wconf 89' lang='lat' dir='ltr'>plane</span> <span class='ocrx_word' id='word_1_171' title='bbox 738 3001 889 3074; x_wconf 92' lang='lat' dir='ltr'>exterius</span> <span class='ocrx_word' id='word_1_172' title='bbox 928 2999 1097 3100; x_wconf 86' lang='lat' dir='ltr'>assumpta</span> <span class='ocrx_word' id='word_1_173' title='bbox 1139 3000 1293 3074; x_wconf 88' lang='lat' dir='ltr'>mutacio</span> <span class='ocrx_word' id='word_1_174' title='bbox 1332 2998 1404 3073; x_wconf 84' lang='lat' dir='ltr'>ista.</span> 
     </span>
     <span class='ocr_line' id='line_1_25' title="bbox 398 3112 1407 3215; baseline -0.002 -25"><span class='ocrx_word' id='word_1_175' title='bbox 398 3117 599 3212; x_wconf 93' lang='lat' dir='ltr'>Jocundum</span> <span class='ocrx_word' id='word_1_176' title='bbox 623 3113 700 3189; x_wconf 89' lang='lat' dir='ltr'>sane</span> <span class='ocrx_word' id='word_1_177' title='bbox 723 3131 758 3188; x_wconf 92' lang='lat' dir='ltr'>et</span> <span class='ocrx_word' id='word_1_178' title='bbox 784 3115 914 3215; x_wconf 88' lang='lat' dir='ltr'>angelis</span> <span class='ocrx_word' id='word_1_179' title='bbox 931 3131 966 3189; x_wconf 88' lang='lat' dir='ltr'>et</span> <span class='ocrx_word' id='word_1_180' title='bbox 984 3115 1147 3189; x_wconf 91' lang='lat' dir='ltr'>omnibus</span> <span class='ocrx_word' id='word_1_181' title='bbox 1170 3113 1290 3188; x_wconf 73' lang='lat' dir='ltr'>sanctis</span> <span class='ocrx_word' id='word_1_182' title='bbox 1312 3112 1407 3213; x_wconf 90' lang='lat' dir='ltr'>spec-</span> 
     </span>
     <span class='ocr_line' id='line_1_26' title="bbox 398 3227 1406 3303; baseline -0.003 -1"><span class='ocrx_word' id='word_1_183' title='bbox 398 3229 553 3303; x_wconf 88' lang='lat' dir='ltr'>taculum</span> <span class='ocrx_word' id='word_1_184' title='bbox 581 3286 589 3302; x_wconf 94' lang='lat'><strong><em>.</em></strong></span> <span class='ocrx_word' id='word_1_185' title='bbox 617 3228 705 3302; x_wconf 89' lang='lat' dir='ltr'>circa</span> <span class='ocrx_word' id='word_1_186' title='bbox 732 3245 870 3302; x_wconf 89' lang='lat' dir='ltr'>tantum</span> <span class='ocrx_word' id='word_1_187' title='bbox 897 3245 932 3303; x_wconf 93' lang='lat' dir='ltr'>et</span> <span class='ocrx_word' id='word_1_188' title='bbox 958 3229 1063 3301; x_wconf 89' lang='lat' dir='ltr'>talem</span> <span class='ocrx_word' id='word_1_189' title='bbox 1088 3228 1204 3301; x_wconf 88' lang='lat' dir='ltr'>virum</span> <span class='ocrx_word' id='word_1_190' title='bbox 1231 3285 1239 3300; x_wconf 93' lang='lat'><strong>.</strong></span> <span class='ocrx_word' id='word_1_191' title='bbox 1264 3227 1342 3300; x_wconf 89' lang='lat' dir='ltr'>talis</span> <span class='ocrx_word' id='word_1_192' title='bbox 1366 3252 1406 3300; x_wconf 91' lang='lat' dir='ltr'>ac</span> 
     </span>
     <span class='ocr_line' id='line_1_27' title="bbox 398 3338 1408 3441; baseline -0.004 -25"><span class='ocrx_word' id='word_1_193' title='bbox 398 3360 496 3416; x_wconf 87' lang='lat' dir='ltr'>tanta</span> <span class='ocrx_word' id='word_1_194' title='bbox 519 3341 734 3441; x_wconf 89' lang='lat' dir='ltr'>permutacio</span> <span class='ocrx_word' id='word_1_195' title='bbox 761 3367 876 3415; x_wconf 90' lang='lat' dir='ltr'>rerum</span> <span class='ocrx_word' id='word_1_196' title='bbox 902 3398 910 3414; x_wconf 93' lang='lat'><strong>.</strong></span> <span class='ocrx_word' id='word_1_197' title='bbox 934 3366 1057 3416; x_wconf 91' lang='lat' dir='ltr'>verum</span> <span class='ocrx_word' id='word_1_198' title='bbox 1082 3340 1196 3414; x_wconf 92' lang='lat' dir='ltr'>multo</span> <span class='ocrx_word' id='word_1_199' title='bbox 1216 3338 1408 3440; x_wconf 84' lang='lat' dir='ltr'>jocundius</span> 
     </span>
     <span class='ocr_line' id='line_1_28' title="bbox 399 3453 1404 3555; baseline -0.005 -24"><span class='ocrx_word' id='word_1_200' title='bbox 399 3457 490 3531; x_wconf 88' lang='lat' dir='ltr'>intra</span> <span class='ocrx_word' id='word_1_201' title='bbox 507 3453 620 3555; x_wconf 91' lang='lat' dir='ltr'>ipsum</span> <span class='ocrx_word' id='word_1_202' title='bbox 637 3454 770 3528; x_wconf 88' lang='lat' dir='ltr'>sibimet</span> <span class='ocrx_word' id='word_1_203' title='bbox 787 3453 971 3528; x_wconf 89' lang='lat' dir='ltr'>exhibebat</span> <span class='ocrx_word' id='word_1_204' title='bbox 988 3453 1133 3527; x_wconf 89' lang='lat' dir='ltr'>interius</span> <span class='ocrx_word' id='word_1_205' title='bbox 1143 3453 1271 3527; x_wconf 88' lang='lat' dir='ltr'>arbiter</span> <span class='ocrx_word' id='word_1_206' title='bbox 1282 3454 1404 3528; x_wconf 86' lang='lat' dir='ltr'>Deus.</span> 
     </span>
     <span class='ocr_line' id='line_1_29' title="bbox 400 3566 1408 3666; baseline -0.004 -22"><span class='ocrx_word' id='word_1_207' title='bbox 400 3594 517 3644; x_wconf 90' lang='lat' dir='ltr'>creans</span> <span class='ocrx_word' id='word_1_208' title='bbox 533 3585 569 3643; x_wconf 89' lang='lat' dir='ltr'>et</span> <span class='ocrx_word' id='word_1_209' title='bbox 582 3566 734 3642; x_wconf 86' lang='lat' dir='ltr'>formans</span> <span class='ocrx_word' id='word_1_210' title='bbox 751 3568 787 3641; x_wconf 89' lang='lat' dir='ltr'>in</span> <span class='ocrx_word' id='word_1_211' title='bbox 805 3593 848 3641; x_wconf 92' lang='lat' dir='ltr'>eo</span> <span class='ocrx_word' id='word_1_212' title='bbox 865 3593 930 3666; x_wconf 91' lang='lat' dir='ltr'>pro</span> <span class='ocrx_word' id='word_1_213' title='bbox 947 3566 1098 3641; x_wconf 90' lang='lat' dir='ltr'>tenebris</span> <span class='ocrx_word' id='word_1_214' title='bbox 1114 3567 1227 3640; x_wconf 89' lang='lat' dir='ltr'>lucem</span> <span class='ocrx_word' id='word_1_215' title='bbox 1247 3624 1255 3640; x_wconf 94' lang='lat'><strong>.</strong></span> <span class='ocrx_word' id='word_1_216' title='bbox 1274 3583 1310 3641; x_wconf 89' lang='lat' dir='ltr'>et</span> <span class='ocrx_word' id='word_1_217' title='bbox 1327 3567 1408 3640; x_wconf 89' lang='lat' dir='ltr'>uni-</span> 
     </span>
     <span class='ocr_line' id='line_1_30' title="bbox 399 3678 1406 3781; baseline -0.003 -23"><span class='ocrx_word' id='word_1_218' title='bbox 399 3681 535 3758; x_wconf 87' lang='lat' dir='ltr'>versum</span> <span class='ocrx_word' id='word_1_219' title='bbox 579 3681 720 3755; x_wconf 89' lang='lat' dir='ltr'>stratum</span> <span class='ocrx_word' id='word_1_220' title='bbox 755 3680 832 3781; x_wconf 89' lang='lat' dir='ltr'>ejus</span> <span class='ocrx_word' id='word_1_221' title='bbox 874 3679 1077 3754; x_wconf 89' lang='lat' dir='ltr'>mirabiliter</span> <span class='ocrx_word' id='word_1_222' title='bbox 1109 3678 1255 3753; x_wconf 87' lang='lat' dir='ltr'>versans.</span> <span class='ocrx_word' id='word_1_223' title='bbox 1315 3681 1406 3755; x_wconf 88' lang='lat' dir='ltr'>Vere</span> 
     </span>
     <span class='ocr_line' id='line_1_31' title="bbox 400 3791 1407 3897; baseline -0.004 -26"><span class='ocrx_word' id='word_1_224' title='bbox 400 3798 547 3897; x_wconf 91' lang='lat' dir='ltr'>inquam</span> <span class='ocrx_word' id='word_1_225' title='bbox 570 3794 723 3869; x_wconf 91' lang='lat' dir='ltr'>mutacio</span> <span class='ocrx_word' id='word_1_226' title='bbox 740 3793 822 3868; x_wconf 88' lang='lat' dir='ltr'>hec:</span> <span class='ocrx_word' id='word_1_227' title='bbox 849 3818 921 3866; x_wconf 91' lang='lat' dir='ltr'>non</span> <span class='ocrx_word' id='word_1_228' title='bbox 938 3791 1173 3893; x_wconf 90' lang='lat' dir='ltr'>cujuscunque</span> <span class='ocrx_word' id='word_1_229' title='bbox 1191 3791 1249 3867; x_wconf 93' lang='lat' dir='ltr'>sed</span> <span class='ocrx_word' id='word_1_230' title='bbox 1265 3793 1407 3867; x_wconf 86' lang='lat' dir='ltr'>dextere</span> 
     </span>
     <span class='ocr_line' id='line_1_32' title="bbox 401 3902 1408 3986; baseline -0.007 0"><span class='ocrx_word' id='word_1_231' title='bbox 401 3908 519 3986; x_wconf 83' lang='lat' dir='ltr'>excelsi</span> <span class='ocrx_word' id='word_1_232' title='bbox 553 3907 614 3982; x_wconf 90' lang='lat' dir='ltr'>ubi</span> <span class='ocrx_word' id='word_1_233' title='bbox 640 3906 824 3982; x_wconf 88' lang='lat' dir='ltr'>crudelitas</span> <span class='ocrx_word' id='word_1_234' title='bbox 851 3963 859 3979; x_wconf 93' lang='lat'><strong>.</strong></span> <span class='ocrx_word' id='word_1_235' title='bbox 887 3922 922 3979; x_wconf 90' lang='lat' dir='ltr'>et</span> <span class='ocrx_word' id='word_1_236' title='bbox 948 3903 1064 3979; x_wconf 85' lang='lat' dir='ltr'>feritas</span> <span class='ocrx_word' id='word_1_237' title='bbox 1093 3902 1240 3979; x_wconf 89' lang='lat' dir='ltr'>mitescit</span> <span class='ocrx_word' id='word_1_238' title='bbox 1275 3905 1311 3978; x_wconf 93' lang='lat' dir='ltr'>in</span> <span class='ocrx_word' id='word_1_239' title='bbox 1337 3905 1408 3979; x_wconf 89' lang='lat' dir='ltr'>cle-</span> 
     </span>
    </p>
   </div>
   <div class='ocr_carea' id='block_1_5' title="bbox 465 4022 1460 4115">
    <p class='ocr_par' dir='ltr' id='par_1_5' title="bbox 465 4022 1460 4115">
     <span class='ocr_line' id='line_1_33' title="bbox 465 4022 1460 4115; baseline -0.006 -10"><span class='ocrx_word' id='word_1_240' title='bbox 465 4044 477 4085; x_wconf 87' lang='lat'>1</span> <span class='ocrx_word' id='word_1_241' title='bbox 498 4043 558 4115; x_wconf 82' lang='lat' dir='ltr'>o.;</span> <span class='ocrx_word' id='word_1_242' title='bbox 579 4045 720 4114; x_wconf 64' lang='lat' dir='ltr'>assinos,</span> <span class='ocrx_word' id='word_1_243' title='bbox 736 4043 782 4104; x_wconf 88' lang='lat' dir='ltr'>M.</span> <span class='ocrx_word' id='word_1_244' title='bbox 792 4066 802 4113; x_wconf 80' lang='lat'>;</span> <span class='ocrx_word' id='word_1_245' title='bbox 823 4043 964 4114; x_wconf 69' lang='lat' dir='ltr'>abstines,</span> <span class='ocrx_word' id='word_1_246' title='bbox 978 4041 1086 4104; x_wconf 69' lang='lat' dir='ltr'>uterer</span> <span class='ocrx_word' id='word_1_247' title='bbox 1100 4056 1130 4101; x_wconf 77' lang='lat' dir='ltr'>to</span> <span class='ocrx_word' id='word_1_248' title='bbox 1144 4041 1284 4114; x_wconf 66' lang='lat' dir='ltr'>astraea,</span> <span class='ocrx_word' id='word_1_249' title='bbox 1300 4037 1341 4104; x_wconf 80' lang='grc' dir='ltr'>Η.</span> <span class='ocrx_word' id='word_1_250' title='bbox 1455 4022 1460 4027; x_wconf 83' lang='grc'><em>“</em></span> 
     </span>
    </p>
   </div>
   <div class='ocr_carea' id='block_1_6' title="bbox 0 0 1518 5152">
    <p class='ocr_par' dir='ltr' id='par_1_6' title="bbox 0 0 1518 5152">
     <span class='ocr_line' id='line_1_34' title="bbox 0 0 1518 5152; baseline 0 0"><span class='ocrx_word' id='word_1_251' title='bbox 0 0 1518 5152; x_wconf 95' lang='lat' dir='ltr'> </span> 
     </span>
    </p>
   </div>
  </div>
 </body>
</html>
