3000 5152
418 269 473 373 64
703 264 794 345 Vita
823 260 987 343 Horoldi
1012 260 1141 370 Regis.

416 494 535 553 autem
566 473 674 549 invisa
704 475 922 574 rependere.
942 471 1065 548 debuit
1092 472 1149 545 vel
1181 472 1422 571 pronunciare.

415 592 474 666 Set
492 614 608 689 neque
634 586 830 663 transitoria
847 604 883 661 et
910 587 1041 661 caduca
1058 585 1169 658 immo
1187 584 1312 659 stancia
1329 586 1423 660 bona

414 721 452 780 et
478 720 597 778 eterna
623 701 690 803 piis
715 700 841 801 prestat
866 715 902 775 et
926 699 1104 799 promittit
1121 698 1317 773 cultoribus
1333 716 1423 775 eter-

416 842 482 893 nus
500 873 509 893 .
527 833 563 892 et
593 814 808 890 invariabilis
836 816 936 890 Deus
966 839 1031 913 pro
1058 812 1128 888 suis
1155 812 1335 888 laboribus
1364 817 1421 889 vel

415 928 599 1031 obsequiis.
651 929 794 1004 Annuit
811 952 897 1028 ergo
914 927 1013 1003 dedit
1039 944 1074 1002 et
1090 927 1252 1001 conceffit
1268 953 1330 1001 rex
1346 929 1422 1030 regi

415 1045 514 1148 quod
531 1042 637 1144 peciit
655 1099 664 1117 .
683 1058 719 1116 et
736 1042 761 1116 sr
778 1040 871 1116 forte
897 1041 998 1115 aliter
1020 1056 1057 1115 et
1081 1040 1209 1114 melius
1233 1042 1423 1117 concedere

415 1156 541 1234 scivit.
566 1173 602 1231 et
632 1155 716 1231 dare
749 1155 868 1256 potuit
901 1169 1028 1253 utpote
1062 1151 1191 1228 celestis
1216 1210 1225 1228 .
1252 1169 1421 1231 terreno.

415 1295 622 1372 permanens
639 1270 676 1344 in
693 1284 877 1344 eternum:
895 1267 941 1343 ad
957 1283 1076 1342 eterna
1092 1266 1290 1341 transituro.
1341 1268 1423 1343 Ab·

414 1384 509 1462 l'mlit
529 1400 648 1459 autem
674 1381 862 1458 umbratile
886 1406 1037 1482 regnum
1059 1379 1116 1455 cui
1133 1406 1258 1455 verum
1274 1378 1423 1458 servavit

413 1515 450 1574 et
474 1515 637 1574 eternum
667 1521 711 1571 ne
735 1494 830 1570 foret
856 1495 948 1570 illud
974 1491 1164 1568 transeunti
1190 1494 1235 1569 ad
1258 1493 1348 1571 istud
1365 1498 1421 1571 vel

412 1612 489 1688 leve
511 1609 818 1711 impedimentum.
871 1607 930 1682 Ne
947 1631 1032 1681 vero
1048 1607 1283 1707 cogitaciones
1305 1608 1423 1683 homi-

414 1752 501 1802 num
528 1725 653 1800 timide
679 1748 835 1823 quorum
864 1737 901 1796 et
929 1721 1061 1796 inoerte
1090 1719 1170 1794 sunt
1197 1721 1421 1820 providende

413 1839 460 1915 ob
477 1837 713 1938 impendentis
730 1835 860 1910 molem
886 1832 1092 1910 discriminis
1108 1833 1303 1935 cogitarent
1321 1836 1421 1935 pium

413 1951 612 2028 Dominum
625 1948 790 2026 adversus
806 1950 980 2024 devotum
998 1945 1172 2023 famulum
1185 1949 1422 2051 cogitationes

412 2081 554 2141 tantum
579 2062 742 2165 cogitasse
765 2061 967 2136 affliccionis
985 2117 994 2134 .
1013 2077 1049 2135 et
1072 2086 1146 2135 non
1171 2063 1281 2136 eciam
1306 2065 1419 2164 pacis:

413 2177 671 2254 immanitatem
688 2174 802 2250 futuri
816 2173 965 2249 scandali
984 2174 1165 2274 prevenire
1181 2175 1336 2252 decrevit
1353 2178 1422 2252 im·

414 2293 630 2369 mensitatem
656 2289 806 2391 premissi
828 2289 988 2363 miraculi
1007 2345 1015 2361 .
1035 2304 1145 2388 utque
1162 2291 1306 2366 tandem
1330 2292 1418 2368 hiis¹

414 2407 520 2482 finem
550 2406 774 2505 imponamus
799 2400 929 2477 talibus
957 2402 1140 2476 clemencie
1170 2400 1228 2477 sue
1254 2402 1419 2482 indiciis.

413 2519 580 2598 dominus
596 2515 859 2594 dominancium
877 2532 912 2590 et
940 2514 1097 2590 instantis
1121 2516 1234 2624 glorie
1261 2575 1270 2591 .
1297 2533 1333 2591 et
1360 2546 1422 2595 ex.

412 2635 521 2711 tantis
538 2632 649 2736 gratie
665 2629 748 2706 sue²
773 2628 1088 2705 manifestacionem
1118 2687 1125 2703 .
1153 2629 1306 2730 preferre
1324 2632 1421 2709 servo

413 2746 476 2823 suo
488 2748 656 2848 dignatus
667 2743 762 2819 estet
779 2740 950 2818 conferre.
981 2741 1069 2816 Hiis
1081 2743 1233 2844 denique
1246 2745 1422 2850 beneficiis

412 2879 449 2936 et
474 2861 512 2934 in
530 2855 782 2959 persecucionis
806 2854 929 2930 nubilo
957 2871 993 2929 et
1022 2856 1058 2930 in
1086 2855 1287 2957 abjectionis
1312 2861 1418 2936 luto.

413 2972 640 3074 margaritam
657 2966 719 3044 suo
736 2967 953 3044 inserendam
970 2967 1159 3044 diademati
1176 2970 1342 3048 illustrem
1358 3001 1421 3049 ex-

412 3085 529 3161 hibuit
545 3100 582 3158 et
599 3082 776 3180 ostendit..
796 3080 930 3157 summa
953 3081 1101 3182 potestas
1119 3140 1128 3157 .
1146 3083 1283 3159 infinita
1308 3082 1420 3188 pietas

412 3197 574 3275 inaccessa
604 3195 796 3271 sublimitas
827 3251 836 3268 .
872 3192 1039 3294 sapiencie
1068 3251 1077 3269 .
1106 3196 1307 3273 clemencie⁸
1338 3257 1346 3274 .
1381 3217 1418 3276 et

412 3309 672 3414 magnificencie
697 3306 953 3408 omnipotentis
977 3308 1046 3382 Dei
1071 3308 1184 3383 Patris
1209 3325 1245 3383 et
1272 3311 1354 3387 Filii
1379 3334 1416 3390 et

410 3426 562 3528 Spiritus
573 3422 686 3498 sancei
700 3419 806 3496 solius
819 3436 855 3495 et
868 3420 973 3496 unius
983 3420 1074 3523 regis
1085 3419 1279 3498 seculorum
1292 3429 1413 3503 eterni.

411 3539 523 3639 Quod
539 3560 625 3613 vero
658 3535 703 3611 de
728 3561 860 3636 quercu
886 3551 1073 3634 opponunt
1098 3535 1156 3609 alii
1176 3535 1331 3614 viderint
1355 3541 1417 3641 ipfi

411 3654 474 3757 qui
491 3649 654 3727 filvestres
679 3705 687 3722 .
712 3665 748 3722 et
765 3646 853 3723 feras
868 3665 904 3724 et
922 3647 1061 3722 arbores
1077 3649 1201 3724 colunt
1219 3707 1228 3725 .
1247 3652 1309 3753 qui
1321 3654 1418 3754 ligna

410 3762 616 3843 insenfibilia
635 3819 644 3838 .
662 3779 698 3838 et
708 3760 813 3836 bruta
823 3760 984 3837 animalia
999 3761 1202 3837 hominibus
1219 3782 1343 3841 nature
1359 3765 1418 3842 sue

411 3876 629 3956 consortibus
653 3877 709 3951 ad.
721 3875 922 3976 ymaginem
943 3876 1013 3949 Dei
1039 3874 1136 3951 sactis
1163 3893 1199 3952 et
1223 3881 1323 3978 quod
1347 3880 1416 3954 hiis

410 4033 643 4114 1H‚3pii⁸,G.
684 4031 1099 4111 ’Indieils...gretiesue.
1139 4033 1417 4115 ⁸I·L;gretiae,G.
