3000 5152
483 320 534 375 20
765 298 855 379 Vita
884 297 1048 380 Haroldi
1072 299 1200 408 Regis.

480 505 607 608 sequiis
624 510 718 583 hunc
731 509 879 586 insistere
898 569 907 586 .
926 529 1123 611 votumque
1136 510 1189 585 illi
1202 535 1330 585 vovere
1349 566 1357 582 .
1377 524 1485 607 prout

480 621 540 696 srbi
557 622 701 698 distaret
719 623 857 700 interna
873 626 1039 702 devocio:
1066 625 1248 700 salubriter
1264 625 1483 699 adhortatur.

482 735 693 837 languidus
726 765 811 813 vero
844 738 964 814 salutis
997 738 1178 815 confilium
1212 737 1294 812 sano
1330 733 1485 837 pereepit

480 840 600 924 auimo
618 907 627 925 .
645 850 830 953 mittitque
849 853 989 928 concito
1012 855 1057 929 ad
1079 854 1198 928 locum
1218 850 1278 926 ubi
1303 875 1391 925 crux
1412 847 1487 922 vir-

480 961 581 1038 tuosa
606 963 751 1040 celebris
776 965 949 1042 radiabats
982 965 1143 1041 exennia¹
1171 963 1342 1066 ingencia.
1392 963 1487 1062 Sup-

480 1077 588 1177 plicat
618 1077 781 1154 obnixius
809 1079 878 1155 loci
908 1079 1107 1183 custodibus
1133 1079 1290 1156 salutaris
1315 1075 1487 1152 nimirum

480 1189 567 1292 signi
593 1191 804 1291 peculiarius
829 1192 942 1269 cultui
977 1193 1184 1295 mancipatis
1210 1249 1219 1267 .
1245 1190 1415 1294 quatinus
1448 1204 1485 1262 et

479 1303 668 1380 criminum
697 1306 837 1382 veniam
860 1324 897 1382 et
918 1309 1085 1383 dolorum
1110 1308 1274 1382 levamen·
1304 1301 1487 1403 utriusque

479 1416 643 1494 videlicet
665 1418 820 1494 hominis
843 1418 1041 1520 sospitatem
1059 1419 1186 1496 sedulis
1208 1417 1268 1493 ssbi
1290 1417 1486 1518 dignentur

479 1529 641 1631 precibus
667 1531 857 1632 optinere.²
918 1534 996 1608 Nec
1029 1533 1143 1610 defuit
1173 1532 1210 1606 in
1238 1533 1387 1632 longum
1414 1531 1487 1605 cle-

479 1643 614 1718 mencia
631 1642 811 1720 salvatoris
834 1644 980 1722 salutem
1004 1673 1025 1720 a
1042 1645 1075 1721 se
1095 1647 1164 1722 fide
1182 1671 1254 1719 non
1271 1644 1348 1718 sitia
1365 1642 1486 1742 postu·

479 1757 579 1832 lenti.
633 1759 727 1832 Mox
749 1758 880 1833 etenim
909 1758 1014 1834 dolor
1036 1785 1118 1834 cum
1143 1760 1314 1860 languore
1330 1755 1485 1833 decrevit

479 1895 669 1970 acorpore
694 1897 795 1946 amor
824 1898 909 1947 vero
930 1897 1013 1947 cum
1038 1871 1232 1948 devocione
1258 1870 1347 1945 circa
1375 1867 1485 1943 sande

479 1983 591 2058 crucis
627 1983 833 2085 obsequium
869 1987 947 2088 jam
986 1985 1237 2062 convalesoenti
1279 1981 1486 2059 mirabiliter

479 2095 648 2172 crescebat
674 2097 711 2173 in
735 2115 866 2176 mente.
919 2101 961 2174 In
984 2099 1082 2175 brevi
1107 2098 1277 2200 siquidem
1294 2095 1487 2198 plenissime

480 2211 639 2287 redditus
662 2211 817 2313 sospitati
846 2269 855 2288 .
883 2231 1060 2315 quantum
1094 2212 1264 2288 medicine
1287 2210 1375 2312 qua⁸
1400 2237 1485 2286 oon·

479 2326 637 2400 valuerat
671 2327 831 2402 extiterit
864 2328 1035 2403 devotus:
1070 2323 1293 2429 magnificus⁴
1323 2349 1487 2425 oompro-

479 2437 576 2513 bavit
586 2464 734 2539 operum
743 2440 975 2515 documentis.
1002 2440 1157 2515 Veniens
1168 2439 1264 2513 enim
1276 2439 1321 2513 ad
1338 2436 1488 2512 sanctam

479 2577 618 2627 crucem
652 2551 940 2628 Waltamensem⁶
984 2552 1145 2628 salutaria
1189 2551 1382 2629 curacionis
1428 2549 1488 2626 sue

480 2685 565 2742 vota
594 2667 760 2768 persolvit
794 2669 940 2744 donaria
964 2667 1096 2744 obtulit
1122 2666 1301 2768 preciosa.
1319 2666 1486 2742 ministris

480 2780 633 2880 plurima
666 2781 815 2882 largitus
847 2782 897 2857 est
927 2839 936 2856 .
968 2780 1001 2856 se
1035 2779 1150 2881 ipsum
1183 2778 1335 2883 gloriose
1376 2779 1489 2856 erucis

480 2894 594 2968 tutele
622 2895 899 2970 commendans.
918 2896 1077 2995 hancque
1105 2893 1288 2970 sublimius
1314 2895 1488 2969 honorare

480 3005 688 3107 disponens:
715 3008 808 3083 letus
827 3007 988 3083 tandem⁶
1005 3033 1026 3082 a
1041 3008 1122 3082 loco
1140 3064 1149 3083 .
1168 3033 1241 3082 non
1264 3008 1369 3082 corde
1391 3032 1488 3082 rece-

481 3120 569 3194 dens
591 3118 650 3195 sed
667 3146 833 3221 corpore:
860 3120 1009 3197 domino
1026 3120 1116 3222 Regi
1139 3138 1176 3196 et
1193 3118 1302 3195 sorori
1319 3119 1440 3221 regine
1457 3117 1490 3195 se

482 3232 699 3309 incolumen⁷
727 3232 950 3334 presentavit.
1001 3235 1284 3336 Congratulatur
1307 3230 1409 3308 fratri
1433 3258 1491 3306 re-

482 3345 566 3447 gina
585 3404 593 3421 .
612 3376 673 3423 rex
698 3349 805 3424 militi
833 3350 1053 3451 congaudets
1079 3346 1238 3423 universa
1264 3347 1364 3423 simul
1395 3346 1491 3421 curia

482 3461 703 3536 exultacione
727 3460 849 3536 festiva
877 3463 1018 3536 letatur.
1078 3460 1156 3535 Nec
1180 3459 1265 3562 quia
1287 3458 1490 3535 convaluit.

483 3571 534 3648 set
550 3573 635 3675 quia
647 3575 772 3651 oclitus
787 3594 964 3676 receperat
977 3573 1179 3651 sanimtem:
1206 3599 1329 3651 omnes
1345 3573 1492 3675 quidem

522 3775 537 3825 ¹
556 3783 664 3857 H.M.;
684 3785 794 3857 exenia,
807 3785 848 3845 G.

523 3862 538 3905 ¹
557 3864 666 3938 H.M.;
686 3867 827 3938 obtinere,
840 3866 880 3926 G.
961 3865 975 3906 ⁸
997 3867 1053 3936 H.;
1068 3871 1163 3945 quem,
1176 3865 1237 3932 Mn
1251 3863 1331 3944 [per]
1345 3882 1441 3944 quens,
1452 3864 1494 3924 G.

523 3946 666 4020 ⁴H.M.;
687 3948 849 4026 magnificis,
863 3947 904 4009 G.
963 3946 977 3988 ⁶
997 3946 1105 4018 H.M.;
1119 3945 1382 4017 wuthmiensenn
1393 3945 1433 4006 G.

522 4025 537 4068 ⁶
556 4027 617 4101 H.;
638 4044 742 4103 temen,
759 4029 847 4090 ΜΩ.
916 4034 918 4038 ’
961 4026 975 4069 ²
995 4028 1037 4090 H.
1046 4053 1057 4100 ς
1077 4028 1260 4100 incolumem,
1275 4026 1364 4087 ΜΒ.
