3000 5152
372 307 425 391 72
657 235 746 361 Vita
776 278 939 360 Haroldi
964 279 1092 388 Regis.

370 497 439 573 dici
456 497 578 571 aiebat.
631 498 705 594 Qui
732 496 827 570 enim
850 495 1002 570 nominis
1030 494 1264 594 appellacione
1294 494 1374 566 uni-

286 596 288 602 *
370 611 474 684 versis
483 609 683 683 cicatricum
695 636 780 683 vero
790 606 1156 706 suaruminspeccione
1167 605 1374 707 quibusdam

371 723 585 798 innotuerat:
612 723 753 796 vultum
766 720 881 796 simull
895 739 930 794 et
940 721 1150 794 vocabulum
1163 719 1372 793 occultabat.

369 836 536 911 Timebat
562 861 714 935 namque
740 861 783 909 ne
809 834 898 909 forte
923 835 978 908 his
1002 833 1138 909 indiciis
1156 835 1372 933 proderetur.

372 949 557 1023 Metuebat
604 948 773 1049 siquidem
807 975 851 1021 ne
883 949 939 1021 vel
973 973 993 1020 a
1028 946 1095 1020 suis
1129 947 1152 1019 sr
1185 947 1248 1045 qui
1283 945 1373 1019 sorte

369 1061 534 1161 superesse
578 1060 767 1161 potuissent
807 1061 863 1135 vel
909 1059 952 1132 ab
1001 1058 1121 1133 alienis
1162 1084 1306 1159 quoque
1349 1058 1373 1130 sr
1476 1069 1479 1074 ’

368 1173 632 1275 agnosceretur?
676 1174 849 1274 plausibus
889 1173 1106 1273 exciperetur
1140 1171 1197 1246 seu
1233 1171 1373 1271 pristine

367 1286 548 1386 dignitatis
564 1304 600 1360 et
618 1287 785 1360 moderne
803 1285 1009 1359 humilitatis
1019 1284 1153 1359 intuitu
1171 1341 1180 1358 .
1200 1282 1256 1358 seu
1266 1284 1372 1357 etiam

368 1399 552 1473 domestice
578 1398 832 1473 necessitudinis
856 1415 917 1471 aut
943 1396 1186 1471 familiaritatis
1209 1396 1370 1471 obtentu.

368 1514 445 1587 Nec
462 1514 556 1586 enim
573 1513 771 1588 timendum
788 1528 862 1585 erat
880 1536 923 1584 ne
940 1513 1047 1584 talem
1065 1527 1194 1584 etatem
1212 1508 1270 1584 seu
1287 1536 1373 1584 con-

344 1616 347 1621 ’
367 1625 599 1701 versacionem
616 1650 721 1724 agens
737 1625 861 1698 talem:
887 1623 930 1696 ab
946 1623 1101 1697 hostibus
1123 1624 1147 1695 sr
1164 1623 1371 1721 proderetur

368 1741 536 1813 hostiliter
561 1744 764 1811 traetaretur
783 1794 791 1811 .
810 1754 846 1811 et
867 1737 989 1812 durius
1014 1762 1122 1836 quam
1147 1734 1268 1835 seipse
1286 1761 1372 1810 con-

366 1850 567 1925 struxerat²z
586 1876 648 1949 per
665 1848 756 1949 ipsos
772 1855 971 1923 arctaretur.
1004 1850 1090 1923 Non
1108 1866 1181 1923 erat
1198 1851 1370 1922 incertum

365 1983 483 2038 tamen
501 1963 584 2065 quia
609 1965 634 2036 sr
658 1990 780 2036 eorum
800 1962 927 2037 notitie
944 1980 1177 2062 exponeretur
1193 1962 1370 2036 molestius

365 2078 489 2177 utique
506 2103 614 2176 quam
629 2075 771 2150 eculeis⁸
788 2094 823 2150 et
837 2076 1028 2150 carceribus
1038 2075 1200 2151 laudibus
1213 2073 1368 2174 ipsorum

362 2207 400 2267 et
417 2189 589 2289 preconiis
605 2209 832 2287 premeretur.
884 2189 977 2284 Quis
993 2189 1088 2262 enim
1105 2206 1179 2261 tam
1196 2187 1369 2261 humilem

363 2319 399 2375 et
430 2302 553 2375 mitem
572 2359 580 2373 .
599 2319 673 2375 tam
697 2301 890 2401 benignum
917 2317 953 2374 et
980 2300 1111 2374 leuem⁴
1138 2318 1213 2375 tam
1242 2299 1368 2375 mundi

252 2428 278 2466 ‘⁴
363 2415 468 2488 rebus
497 2416 636 2488 inanem
664 2415 886 2514 mundique
912 2414 1125 2487 amatoribus
1154 2411 1278 2511 sponte
1306 2416 1371 2487 de-

363 2525 572 2630 spicabilem
601 2526 724 2603 videns
767 2584 776 2600 .
821 2525 998 2626 presertim
1041 2528 1065 2599 sr
1107 2543 1238 2626 quante
1281 2527 1368 2599 olim

363 2641 567 2714 excellencie
615 2658 815 2739 quanteque
863 2641 1040 2713 affluencie
1095 2664 1157 2713 nec
1206 2663 1277 2712 non
1331 2655 1368 2711 et

364 2755 524 2851 potencie
554 2751 670 2826 fuisset
700 2753 845 2826 minime
872 2754 996 2827 lateret
1027 2810 1035 2827 .
1065 2752 1235 2852 quicquid
1257 2751 1369 2850 posset

362 2866 594 2940 venerationis
636 2883 672 2940 et
711 2865 854 2939 honoris
888 2892 959 2938 non
993 2865 1025 2939 ei
1058 2866 1275 2940 devotissime
1307 2891 1370 2938 ex-

269 3019 286 3066 f,
303 3028 336 3075 ¹s
363 2978 496 3051 biberet
509 2968 532 3052 s
573 2981 632 3051 De
649 2978 727 3078 ejus
744 3004 894 3078 namque
912 2978 1118 3077 parsimonia
1135 2995 1171 3051 et
1195 2977 1369 3077 paciencia

363 3090 454 3164 illud
480 3091 516 3163 in
542 3091 771 3180 eomirabile
797 3094 1064 3167 commendatur
1089 3091 1187 3191 quod
1204 3109 1369 3164 nontam

363 3205 406 3278 ad
425 3203 570 3303 injurias
588 3204 800 3303 pacientiam
826 3230 932 3303 quam
959 3203 1218 3278 benificenciam
1242 3228 1370 3301 repen-

362 3316 466 3390 debat
493 3334 530 3390 et
559 3316 732 3390 cariosum
755 3317 832 3417 jam
870 3317 1117 3415 corpusculum
1155 3314 1381 3404 refocillabat

361 3429 483 3528 pocius
512 3456 620 3529 quam
649 3429 823 3505 reficiebat
850 3429 1053 3503 tenuissimis
1075 3428 1258 3503 alimentis.
1310 3428 1368 3500 De

331 3538 333 3545 ’
361 3567 434 3640 quo
457 3559 492 3615 et
518 3544 585 3616 hoc
603 3569 622 3615 a
640 3544 795 3643 quodam
829 3541 989 3642 religioso
1018 3543 1212 3616 admodum
1239 3539 1367 3614 Christi

361 3653 458 3728 servo
475 3656 670 3754 accepimus
688 3713 696 3729 .
716 3655 799 3755 quia
829 3656 853 3728 si
877 3656 1021 3755 quando
1037 3655 1094 3728 vel
1119 3655 1244 3728 exilem
1265 3651 1367 3753 pisci-

400 3875 412 3915 ¹
434 3875 542 3946 H.M.;
564 3875 650 3946 fimal,
666 3876 705 3934 G.
874 3874 887 3914 ²
908 3875 998 3935 HM.
1010 3899 1019 3945 ς
1041 3875 1230 3946 constrixerat,
1245 3875 1286 3934 G.

399 3956 413 3995 ⁸
434 3957 544 4027 H.M.;
566 3959 676 4028 aculeis,
693 3957 732 4016 G.
876 3959 888 3995 ⁴
910 3956 949 4015 H.
959 3982 969 4025 3
990 3958 1095 4027 lencm,
1111 3956 1200 4018 M.G.
