3000 5152
252 269 304 378 58
540 272 630 353 Vita
659 271 823 354 Haroldi
846 275 975 384 Regis.

250 476 435 552 medullis:
454 478 606 552 Crucem
623 477 773 553 sansiam
790 479 913 555 adorat
933 538 941 553 .
960 497 1045 554 vota
1061 479 1256 581 graciarum

250 615 317 692 pro
338 590 509 690 optento1
536 591 711 692 trophe02
734 611 920 694 exaggerat
938 618 1003 693 pro
1020 593 1216 692 optinendo
1233 594 1258 668 sa

250 703 384 803 placeat
414 702 547 779 summe
573 705 762 807 majestati:
790 731 907 805 preces
932 705 1134 806 suppliciter
1158 707 1258 807 inge-

249 817 371 892 minat.
424 817 598 892 Oracione
624 818 800 918 postremo
821 819 1015 919 completa:
1042 819 1257 894 imminentis

248 928 332 1004 belli
375 950 506 1006 eventu
548 936 672 1006 cunfta
715 932 930 1007 moderantis
971 931 1117 1006 arbitrio
1161 932 1255 1007 fideli

249 1043 442 1120 devocione
454 1045 627 1120 attencius
639 1046 802 1147 delegato
819 1043 967 1145 seipsum
983 1045 1256 1120 viftoriosrffimo

249 1158 345 1259 figno
379 1160 630 1234 commendans
662 1184 744 1233 cum
778 1159 966 1233 recessurus
999 1159 1077 1260 jam
1111 1159 1255 1234 demisso
1327 1158 1332 1210 ἱ

248 1270 378 1346 vertice
395 1288 431 1346 et
455 1298 569 1372 prono
589 1296 736 1371 corpore
759 1271 854 1346 cruci
880 1269 1086 1346 sacrosanste
1104 1271 1256 1346 valefac-

248 1400 350 1458 turus
384 1385 428 1460 de
462 1410 561 1459 more
596 1384 779 1459 inclinaret
813 1383 864 1459 se:
909 1384 1091 1459 inclinavit
1125 1385 1256 1485 pariter

248 1494 280 1571 se
296 1500 419 1573 vultus
436 1497 632 1599 ymaginis³
649 1497 823 1571 crucifixe.
877 1498 1024 1571 Terruit
1038 1498 1207 1573 nimirum
1218 1517 1254 1574 et

247 1611 452 1686 exhilaravit
472 1609 642 1713 quosdam
662 1610 849 1684 allancium
872 1610 1030 1685 mirabile
1049 1670 1057 1686 .
1076 1629 1112 1686 et
1135 1611 1255 1687 favor·

246 1724 336 1799 abile
354 1750 445 1824 opus
461 1723 660 1798 Salvatoris.
714 1723 814 1821 Quid
831 1724 926 1798 enim
952 1723 1179 1800 favorabilius
1196 1726 1253 1801 vel

246 1837 394 1938 cogitari
411 1837 530 1937 potuit
548 1862 656 1937 quam
676 1852 717 1910 ut
743 1863 804 1911 rex
827 1835 1023 1911 seculorum
1045 1837 1254 1912 immortalis

246 1950 427 2024 invisibilis
464 1949 642 2024 visibiliter
683 1949 869 2024 resalutare
911 1950 1093 2026 videretur
1134 1977 1253 2053 regem

246 2064 450 2139 mortalium
493 2061 699 2137 miserorum
743 2060 952 2137 salutantem
990 2063 1024 2139 se
1067 2121 1076 2139 .
1120 2082 1158 2140 et
1191 2066 1252 2141 srbi

245 2178 428 2253 humiliter
445 2195 551 2277 caput
569 2175 752 2250 inclinanti
770 2192 877 2276 caput
891 2175 950 2249 srbi
965 2174 1061 2252 saxee
1078 2179 1253 2282 ymaginis

245 2317 353 2391 quam
402 2291 589 2391 dignanter
637 2306 711 2364 tam
760 2305 796 2364 et
846 2306 1009 2389 potenter
1057 2291 1250 2369 inclinare?

246 2407 367 2502 Quam
384 2404 636 2479 nichilominus
652 2419 689 2477 et
706 2402 862 2477 terribile
879 2402 1075 2477 infirmitati
1099 2405 1252 2481 humane

245 2517 316 2594 fuit
336 2537 411 2593 tam
428 2516 569 2592 insolita
586 2517 706 2592 videre
728 2532 770 2590 ut
795 2532 919 2590 contra
944 2534 1106 2592 naturam
1132 2518 1252 2596 saxum

244 2633 439 2708 fleneretur
464 2648 501 2706 et
535 2630 634 2731 quod
668 2629 770 2729 supra
805 2647 965 2704 naturam
998 2631 1047 2706 est
1080 2635 1181 2708 Deus
1215 2635 1252 2710 in

245 2745 305 2821 sua
343 2746 507 2848 ymagine
538 2743 674 2819 homini
709 2743 876 2818 inclinare
910 2750 1126 2822 cerneretur!
1194 2751 1252 2824 De

243 2858 312 2933 hoc
328 2858 519 2959 veroquid
544 2857 700 2932 dicemus
725 2857 824 2957 quod
848 2856 909 2930 ubi
933 2884 988 2932 ars
1013 2858 1165 2935 humana
1187 2888 1251 2937 nec

243 2988 387 3046 tenuem
405 2970 518 3046 valuit
544 2970 663 3045 divine
680 2969 854 3069 ymaginis
874 2970 1051 3070 perforare
1068 2975 1222 3073 palmam
1239 3032 1250 3051 .

244 3085 293 3160 ibi
328 3111 457 3186 ymago
492 3082 563 3184 ipsa
593 3082 718 3156 flexisse
749 3081 819 3156 visa
846 3082 894 3157 est
923 3085 1092 3160 cervicem
1122 3113 1250 3188 corpu-

243 3200 398 3274 lentam?
450 3199 560 3274 Sudat
589 3198 699 3271 homo
725 3196 850 3271 artifex
880 3215 916 3272 et
942 3224 1102 3275 cruorem
1135 3202 1249 3278 elicit:

244 3312 403 3388 foramen
434 3338 519 3387 vero
549 3310 586 3384 in
620 3336 727 3384 manu
762 3310 942 3410 lapideum
976 3312 1108 3388 efficit!
1159 3318 1251 3390 Orat

242 3427 351 3502 homo
390 3427 428 3500 in
465 3424 563 3500 brevi
599 3424 769 3499 desiturus
803 3424 868 3498 elle
902 3452 964 3499 rex
998 3483 1007 3500 .
1043 3443 1079 3501 et
1116 3430 1249 3504 collum

241 3541 421 3641 lapideum
456 3538 556 3640 quod
591 3563 697 3612 manu
732 3537 886 3612 hominis
913 3556 949 3613 et
975 3540 999 3614 sr
1028 3540 1249 3641 aliquatenus

240 3654 417 3730 foraretur
446 3653 648 3727 nullatenus
678 3668 795 3725 tamen
824 3651 1019 3726 flecteretur
1054 3711 1063 3728 .
1098 3654 1248 3730 fleetitur

279 3795 291 3836 ¹
312 3794 371 3866 H.;
392 3794 511 3864 obtenti,
527 3793 592 3862 M.;
613 3791 750 3862 oblicum,
765 3790 805 3851 G.

277 3874 291 3916 ¹
316 3876 407 3936 ΗΜ.
417 3900 427 3946 ;
448 3891 557 3954 tropeo,
573 3872 613 3932 G.

278 3956 291 3996 ⁸
312 3957 421 4028 H.M.;
444 3955 581 4034 imaginis,
596 3953 654 4024 G.;
678 3952 734 4013 and
748 3953 880 4032 similarly
894 3954 1068 4033 throughout
1083 3955 1114 4016 in
1128 3954 1252 4018 calceos

237 4038 395 4100 tbisvord.
792 4034 887 4107 ⁴H.;
908 4036 1100 4117 [nouJefficit
1116 4036 1207 4101 ΜΩ.
