3000 5152
389 321 442 399 42
673 291 764 375 Vita
793 291 959 376 Haroldi
982 294 1111 406 Regis.

388 505 546 607 spiritus:
563 504 678 579 anima
690 462 888 579 delectatur.
933 506 1102 602 Quatitur
1112 502 1261 605 suspiriis
1273 509 1394 606 pestus

388 618 567 693 hanelum¹
598 675 607 694 .
638 619 737 718 quod
767 619 863 718 prius
892 618 1089 694 tumidum:
1125 617 1273 716 spirabat
1300 618 1394 693 cedis

387 733 499 807 minas
537 731 729 807 intonabat.
794 731 929 806 Rorant
971 730 1104 806 lumina
1140 731 1251 806 imbre
1292 732 1393 805 lacri-
1472 756 1474 760 ·

387 872 534 923 marum.
588 845 813 922 Fulmineum
844 845 1013 947 quiddam
1041 845 1256 946 indignantis
1284 844 1392 921 animi

386 978 476 1037 nutu
493 962 529 1036 in
546 961 683 1035 emulos
697 957 860 1034 consueta
876 959 1022 1034 vibrare.
1076 959 1140 1034 Nil
1157 959 1235 1060 jam
1260 960 1391 1035 elatum

385 1073 596 1149 cervicosum
614 1073 720 1148 nichil
741 1089 803 1148 aut
818 1074 1058 1148 truculentum
1075 1098 1116 1148 os
1132 1071 1309 1172 supercilia
1327 1131 1336 1147 .
1354 1091 1391 1147 et

385 1186 774 1289 cervixpretendebant.
815 1186 989 1268 Modestia
1002 1185 1166 1261 inceffum
1178 1185 1268 1287 regit
1281 1185 1391 1287 pietas

383 1302 540 1377 animum
559 1358 568 1376 .
586 1300 748 1377 affestus:
766 1301 900 1400 puritas
916 1300 976 1375 fibi
993 1297 1160 1376 defendit.
1205 1299 1390 1378 Interiores

383 1440 525 1517 quoque
552 1432 671 1489 motus
697 1431 732 1489 et
759 1413 967 1489 exteriores:
1005 1412 1161 1488 honestas
1186 1410 1388 1488 informat.

383 1527 540 1603 sanffltas
563 1527 599 1601 in
623 1526 699 1604 suas
722 1543 836 1627 partes
853 1528 971 1602 omnia
987 1526 1063 1629 ejus
1079 1525 1227 1602 affumit.
1279 1525 1389 1602 Vrde-

381 1659 440 1717 tur
467 1641 544 1744 jam
574 1641 634 1719 fibi
669 1640 854 1717 Haroldus
882 1639 984 1715 solito
1018 1639 1151 1715 felicius
1179 1641 1386 1741 imperare.

380 1782 524 1859 regnare
540 1754 722 1830 sublimius
733 1755 849 1830 tucius
859 1772 896 1830 et
908 1754 1031 1830 utilius
1046 1755 1206 1832 militare.
1246 1757 1387 1833 Gaudet

380 1867 413 1944 se
423 1869 467 1943 ab
477 1867 678 1942 hominibus
689 1867 843 1943 viuum.
857 1870 945 1943 dum
954 1870 1128 1944 mundum
1142 1871 1229 1945 dum
1240 1867 1387 1970 seipsum

379 1982 570 2057 vincendo:
596 1981 708 2057 vietus
724 2006 867 2083 quoque
889 1982 1016 2057 melius
1032 1984 1076 2058 de
1092 1983 1247 2057 Diabolo
1263 1983 1386 2059 didicit

378 2094 605 2196 triumphare.
659 2154 666 2164 .

440 2259 451 2300 ¹
473 2260 538 2331 H.;
560 2261 680 2342 Quantis
694 2281 713 2321 s.
729 2281 757 2341 p.
773 2260 895 2332 anhelat,
912 2261 982 2331 M.;
1003 2282 1030 2341 q.
1047 2283 1066 2322 s.
1083 2282 1110 2340 p.
1127 2262 1274 2333 anbeium,
1289 2262 1327 2324 G.
