<?xml version="1.0" encoding="UTF-8"?>
<!DOCTYPE html PUBLIC "-//W3C//DTD XHTML 1.0 Transitional//EN"
    "http://www.w3.org/TR/xhtml1/DTD/xhtml1-transitional.dtd">
<html xmlns="http://www.w3.org/1999/xhtml" xml:lang="en" lang="en">
 <head>
  <title>
</title>
<meta http-equiv="Content-Type" content="text/html;charset=utf-8" />
  <meta name='ocr-system' content='tesseract 3.04.00' />
  <meta name='ocr-capabilities' content='ocr_page ocr_carea ocr_par ocr_line ocrx_word'/>
</head>
<body>
  <div class='ocr_page' id='page_1' title='image "./vitaharoldiroma00musegoog_0077.png"; bbox 0 0 3000 5152; ppageno 0'>
   <div class='ocr_carea' id='block_1_1' title="bbox 386 282 1106 396">
    <p class='ocr_par' dir='ltr' id='par_1_1' title="bbox 386 282 1106 396">
     <span class='ocr_line' id='line_1_1' title="bbox 386 282 1106 396; baseline 0.003 -31"><span class='ocrx_word' id='word_1_1' title='bbox 386 311 441 396; x_wconf 81' lang='lat'>54</span> <span class='ocrx_word' id='word_1_2' title='bbox 670 285 759 366; x_wconf 86' lang='lat' dir='ltr'>Vita</span> <span class='ocrx_word' id='word_1_3' title='bbox 787 282 952 366; x_wconf 84' lang='lat' dir='ltr'>Haroldi</span> <span class='ocrx_word' id='word_1_4' title='bbox 977 285 1106 395; x_wconf 87' lang='lat' dir='ltr'>Regis.</span> 
     </span>
    </p>
   </div>
   <div class='ocr_carea' id='block_1_2' title="bbox 276 493 1395 2296">
    <p class='ocr_par' dir='ltr' id='par_1_2' title="bbox 309 493 1395 2075">
     <span class='ocr_line' id='line_1_2' title="bbox 374 493 1393 597; baseline -0.01 -21"><span class='ocrx_word' id='word_1_5' title='bbox 374 513 421 576; x_wconf 87' lang='lat' dir='ltr'>et</span> <span class='ocrx_word' id='word_1_6' title='bbox 438 497 533 597; x_wconf 91' lang='lat' dir='ltr'>leges</span> <span class='ocrx_word' id='word_1_7' title='bbox 550 496 727 570; x_wconf 91' lang='lat' dir='ltr'>mundane</span> <span class='ocrx_word' id='word_1_8' title='bbox 744 512 781 569; x_wconf 92' lang='lat' dir='ltr'>et</span> <span class='ocrx_word' id='word_1_9' title='bbox 798 493 910 569; x_wconf 88' lang='lat' dir='ltr'>divini</span> <span class='ocrx_word' id='word_1_10' title='bbox 924 520 1073 570; x_wconf 87' lang='lat' dir='ltr'>canones</span> <span class='ocrx_word' id='word_1_11' title='bbox 1086 494 1190 569; x_wconf 90' lang='lat' dir='ltr'>variis</span> <span class='ocrx_word' id='word_1_12' title='bbox 1202 495 1274 569; x_wconf 89' lang='lat' dir='ltr'>vite</span> <span class='ocrx_word' id='word_1_13' title='bbox 1287 493 1393 595; x_wconf 90' lang='lat' dir='ltr'>hujus</span> 
     </span>
     <span class='ocr_line' id='line_1_3' title="bbox 386 606 1393 709; baseline -0.004 -25"><span class='ocrx_word' id='word_1_14' title='bbox 386 608 642 684; x_wconf 79' lang='lat' dir='ltr'>necessitatibus</span> <span class='ocrx_word' id='word_1_15' title='bbox 659 606 933 683; x_wconf 74' lang='lat' dir='ltr'>condescendisse</span> <span class='ocrx_word' id='word_1_16' title='bbox 952 667 960 683; x_wconf 92' lang='lat'><strong>.</strong></span> <span class='ocrx_word' id='word_1_17' title='bbox 981 635 1053 683; x_wconf 90' lang='lat' dir='ltr'>non</span> <span class='ocrx_word' id='word_1_18' title='bbox 1066 607 1284 709; x_wconf 87' lang='lat' dir='ltr'><strong>ignorantur.</strong></span> <span class='ocrx_word' id='word_1_19' title='bbox 1335 609 1393 681; x_wconf 93' lang='lat' dir='ltr'>De</span> 
     </span>
     <span class='ocr_line' id='line_1_4' title="bbox 380 719 1394 824; baseline -0.005 -27"><span class='ocrx_word' id='word_1_20' title='bbox 380 721 464 824; x_wconf 89' lang='lat' dir='ltr'>jure</span> <span class='ocrx_word' id='word_1_21' title='bbox 480 720 726 822; x_wconf 84' lang='lat' dir='ltr'>extorquentis</span> <span class='ocrx_word' id='word_1_22' title='bbox 748 720 951 822; x_wconf 90' lang='lat' dir='ltr'>hujusmodi</span> <span class='ocrx_word' id='word_1_23' title='bbox 977 720 1256 796; x_wconf 87' lang='lat' dir='ltr'>sacramentum.</span> <span class='ocrx_word' id='word_1_24' title='bbox 1275 719 1334 794; x_wconf 93' lang='lat' dir='ltr'>alii</span> <span class='ocrx_word' id='word_1_25' title='bbox 1352 735 1394 794; x_wconf 93' lang='lat' dir='ltr'>ut</span> 
     </span>
     <span class='ocr_line' id='line_1_5' title="bbox 386 832 1395 934; baseline -0.003 -25"><span class='ocrx_word' id='word_1_26' title='bbox 386 833 532 910; x_wconf 86' lang='lat' dir='ltr'>libuerit</span> <span class='ocrx_word' id='word_1_27' title='bbox 557 832 800 934; x_wconf 85' lang='lat' dir='ltr'>disputabunt.</span> <span class='ocrx_word' id='word_1_28' title='bbox 854 834 976 910; x_wconf 84' lang='lat' dir='ltr'>Licuit</span> <span class='ocrx_word' id='word_1_29' title='bbox 997 860 1082 910; x_wconf 88' lang='lat' dir='ltr'>vero</span> <span class='ocrx_word' id='word_1_30' title='bbox 1107 851 1148 910; x_wconf 95' lang='lat' dir='ltr'>ut</span> <span class='ocrx_word' id='word_1_31' title='bbox 1174 833 1395 909; x_wconf 83' lang='lat' dir='ltr'>manifestum</span> 
     </span>
     <span class='ocr_line' id='line_1_6' title="bbox 386 946 1394 1049; baseline -0.003 -26"><span class='ocrx_word' id='word_1_32' title='bbox 386 947 435 1023; x_wconf 86' lang='lat' dir='ltr'>est</span> <span class='ocrx_word' id='word_1_33' title='bbox 462 947 506 1022; x_wconf 86' lang='lat' dir='ltr'>stc</span> <span class='ocrx_word' id='word_1_34' title='bbox 533 946 693 1022; x_wconf 90' lang='lat' dir='ltr'>elicitum</span> <span class='ocrx_word' id='word_1_35' title='bbox 723 1004 732 1021; x_wconf 93' lang='lat'><strong>.</strong></span> <span class='ocrx_word' id='word_1_36' title='bbox 763 947 788 1020; x_wconf 84' lang='lat' dir='ltr'>sr</span> <span class='ocrx_word' id='word_1_37' title='bbox 817 964 935 1023; x_wconf 89' lang='lat' dir='ltr'>tamen</span> <span class='ocrx_word' id='word_1_38' title='bbox 962 949 1060 1049; x_wconf 94' lang='lat' dir='ltr'>quod</span> <span class='ocrx_word' id='word_1_39' title='bbox 1089 974 1194 1023; x_wconf 93' lang='lat' dir='ltr'>nemo</span> <span class='ocrx_word' id='word_1_40' title='bbox 1223 947 1394 1023; x_wconf 84' lang='lat' dir='ltr'>diffitetur</span> 
     </span>
     <span class='ocr_line' id='line_1_7' title="bbox 385 1058 1391 1163; baseline -0.001 -27"><span class='ocrx_word' id='word_1_41' title='bbox 385 1062 496 1136; x_wconf 87' lang='lat' dir='ltr'>eciam</span> <span class='ocrx_word' id='word_1_42' title='bbox 523 1061 689 1135; x_wconf 90' lang='lat' dir='ltr'>illicitum</span> <span class='ocrx_word' id='word_1_43' title='bbox 706 1058 848 1135; x_wconf 86' lang='lat' dir='ltr'>fuisset:</span> <span class='ocrx_word' id='word_1_44' title='bbox 867 1087 939 1136; x_wconf 90' lang='lat' dir='ltr'>non</span> <span class='ocrx_word' id='word_1_45' title='bbox 965 1062 1111 1162; x_wconf 90' lang='lat' dir='ltr'>implere</span> <span class='ocrx_word' id='word_1_46' title='bbox 1136 1062 1391 1163; x_wconf 90' lang='lat' dir='ltr'>juramentum.</span> 
     </span>
     <span class='ocr_line' id='line_1_8' title="bbox 386 1173 1393 1274; baseline -0.002 -26"><span class='ocrx_word' id='word_1_47' title='bbox 386 1174 471 1249; x_wconf 89' lang='lat' dir='ltr'>Hac</span> <span class='ocrx_word' id='word_1_48' title='bbox 483 1199 569 1248; x_wconf 86' lang='lat' dir='ltr'>vero</span> <span class='ocrx_word' id='word_1_49' title='bbox 586 1173 670 1274; x_wconf 89' lang='lat' dir='ltr'>quia</span> <span class='ocrx_word' id='word_1_50' title='bbox 686 1173 771 1248; x_wconf 89' lang='lat' dir='ltr'>alias</span> <span class='ocrx_word' id='word_1_51' title='bbox 788 1173 948 1274; x_wconf 89' lang='lat' dir='ltr'>nequivit</span> <span class='ocrx_word' id='word_1_52' title='bbox 961 1175 1005 1250; x_wconf 90' lang='lat' dir='ltr'>de</span> <span class='ocrx_word' id='word_1_53' title='bbox 1018 1173 1136 1250; x_wconf 85' lang='lat' dir='ltr'>medio</span> <span class='ocrx_word' id='word_1_54' title='bbox 1149 1173 1182 1250; x_wconf 90' lang='lat' dir='ltr'>se</span> <span class='ocrx_word' id='word_1_55' title='bbox 1194 1173 1393 1249; x_wconf 90' lang='lat' dir='ltr'>tenentium</span> 
     </span>
     <span class='ocr_line' id='line_1_9' title="bbox 309 1285 1394 1386; baseline -0.001 -24"><span class='ocrx_word' id='word_1_56' title='bbox 309 1334 312 1341; x_wconf 87' lang='lat'><strong>·</strong></span> <span class='ocrx_word' id='word_1_57' title='bbox 386 1287 575 1363; x_wconf 89' lang='lat' dir='ltr'>Haroldus</span> <span class='ocrx_word' id='word_1_58' title='bbox 591 1285 676 1361; x_wconf 90' lang='lat' dir='ltr'>exiit</span> <span class='ocrx_word' id='word_1_59' title='bbox 699 1287 1001 1362; x_wconf 89' lang='lat' dir='ltr'>Normannorum.</span> <span class='ocrx_word' id='word_1_60' title='bbox 1054 1287 1129 1386; x_wconf 78' lang='lat' dir='ltr'>Qui</span> <span class='ocrx_word' id='word_1_61' title='bbox 1154 1286 1224 1362; x_wconf 90' lang='lat' dir='ltr'>suis</span> <span class='ocrx_word' id='word_1_62' title='bbox 1249 1288 1394 1363; x_wconf 91' lang='lat' dir='ltr'>demum</span> 
     </span>
     <span class='ocr_line' id='line_1_10' title="bbox 386 1398 1393 1501; baseline -0.003 -26"><span class='ocrx_word' id='word_1_63' title='bbox 386 1399 547 1475; x_wconf 86' lang='lat' dir='ltr'>redditus</span> <span class='ocrx_word' id='word_1_64' title='bbox 580 1399 670 1501; x_wconf 94' lang='lat' dir='ltr'>quid</span> <span class='ocrx_word' id='word_1_65' title='bbox 704 1399 889 1499; x_wconf 90' lang='lat' dir='ltr'>pertulerit</span> <span class='ocrx_word' id='word_1_66' title='bbox 926 1458 934 1474; x_wconf 92' lang='lat'><strong>.</strong></span> <span class='ocrx_word' id='word_1_67' title='bbox 971 1400 1060 1501; x_wconf 91' lang='lat' dir='ltr'>quid</span> <span class='ocrx_word' id='word_1_68' title='bbox 1094 1401 1226 1501; x_wconf 89' lang='lat' dir='ltr'>egerit:</span> <span class='ocrx_word' id='word_1_69' title='bbox 1259 1398 1393 1475; x_wconf 77' lang='lat' dir='ltr'>cunctis</span> 
     </span>
     <span class='ocr_line' id='line_1_11' title="bbox 387 1512 1394 1616; baseline -0.002 -27"><span class='ocrx_word' id='word_1_70' title='bbox 387 1515 503 1616; x_wconf 86' lang='lat' dir='ltr'>palam</span> <span class='ocrx_word' id='word_1_71' title='bbox 520 1512 677 1614; x_wconf 87' lang='lat' dir='ltr'>exponit.</span> <span class='ocrx_word' id='word_1_72' title='bbox 730 1515 979 1614; x_wconf 90' lang='lat' dir='ltr'>Exponentem</span> <span class='ocrx_word' id='word_1_73' title='bbox 996 1530 1038 1589; x_wconf 95' lang='lat' dir='ltr'>ut</span> <span class='ocrx_word' id='word_1_74' title='bbox 1055 1514 1174 1589; x_wconf 90' lang='lat' dir='ltr'>audit:</span> <span class='ocrx_word' id='word_1_75' title='bbox 1193 1514 1394 1589; x_wconf 75' lang='lat' dir='ltr'>universitas</span> 
     </span>
     <span class='ocr_line' id='line_1_12' title="bbox 386 1629 1394 1708; baseline -0.002 -1"><span class='ocrx_word' id='word_1_76' title='bbox 386 1632 424 1707; x_wconf 89' lang='lat' dir='ltr'>in</span> <span class='ocrx_word' id='word_1_77' title='bbox 450 1633 538 1707; x_wconf 88' lang='lat' dir='ltr'>iram</span> <span class='ocrx_word' id='word_1_78' title='bbox 563 1629 779 1707; x_wconf 85' lang='lat' dir='ltr'>excandescit</span> <span class='ocrx_word' id='word_1_79' title='bbox 800 1690 809 1706; x_wconf 92' lang='lat'><strong>.</strong></span> <span class='ocrx_word' id='word_1_80' title='bbox 830 1631 955 1706; x_wconf 86' lang='lat' dir='ltr'>initam</span> <span class='ocrx_word' id='word_1_81' title='bbox 981 1633 1156 1708; x_wconf 84' lang='lat' dir='ltr'>mediante</span> <span class='ocrx_word' id='word_1_82' title='bbox 1182 1631 1394 1707; x_wconf 88' lang='lat' dir='ltr'>sacramento</span> 
     </span>
     <span class='ocr_line' id='line_1_13' title="bbox 386 1744 1395 1846; baseline 0 -27"><span class='ocrx_word' id='word_1_83' title='bbox 386 1744 587 1846; x_wconf 86' lang='lat' dir='ltr'>paccionem</span> <span class='ocrx_word' id='word_1_84' title='bbox 622 1744 801 1844; x_wconf 87' lang='lat' dir='ltr'>improbat</span> <span class='ocrx_word' id='word_1_85' title='bbox 835 1771 880 1821; x_wconf 91' lang='lat' dir='ltr'>ne</span> <span class='ocrx_word' id='word_1_86' title='bbox 905 1744 1108 1822; x_wconf 84' lang='lat' dir='ltr'>observetur</span> <span class='ocrx_word' id='word_1_87' title='bbox 1134 1804 1142 1821; x_wconf 91' lang='lat'><strong>.</strong></span> <span class='ocrx_word' id='word_1_88' title='bbox 1170 1747 1395 1822; x_wconf 88' lang='lat' dir='ltr'>vehementer</span> 
     </span>
     <span class='ocr_line' id='line_1_14' title="bbox 385 1856 1395 1958; baseline 0 -26"><span class='ocrx_word' id='word_1_89' title='bbox 385 1858 561 1933; x_wconf 90' lang='lat' dir='ltr'>reclamat.</span> <span class='ocrx_word' id='word_1_90' title='bbox 614 1856 716 1931; x_wconf 80' lang='lat' dir='ltr'>Absit</span> <span class='ocrx_word' id='word_1_91' title='bbox 733 1857 902 1958; x_wconf 91' lang='lat' dir='ltr'>inquiunt</span> <span class='ocrx_word' id='word_1_92' title='bbox 918 1858 1003 1933; x_wconf 79' lang='lat' dir='ltr'>absit</span> <span class='ocrx_word' id='word_1_93' title='bbox 1027 1876 1069 1934; x_wconf 93' lang='lat' dir='ltr'>ut</span> <span class='ocrx_word' id='word_1_94' title='bbox 1092 1858 1280 1935; x_wconf 85' lang='lat' dir='ltr'>serviamus</span> <span class='ocrx_word' id='word_1_95' title='bbox 1298 1861 1395 1934; x_wconf 93' lang='lat' dir='ltr'>Nor-</span> 
     </span>
     <span class='ocr_line' id='line_1_15' title="bbox 385 1969 1394 2075; baseline 0.002 -29"><span class='ocrx_word' id='word_1_96' title='bbox 385 1970 541 2046; x_wconf 90' lang='lat' dir='ltr'>mannis!</span> <span class='ocrx_word' id='word_1_97' title='bbox 610 1969 712 2045; x_wconf 85' lang='lat' dir='ltr'>Abfit</span> <span class='ocrx_word' id='word_1_98' title='bbox 740 1987 782 2046; x_wconf 95' lang='lat' dir='ltr'>ut</span> <span class='ocrx_word' id='word_1_99' title='bbox 811 1970 919 2047; x_wconf 79' lang='lat' dir='ltr'>sallus</span> <span class='ocrx_word' id='word_1_100' title='bbox 952 1972 1159 2047; x_wconf 86' lang='lat' dir='ltr'>Normanici</span> <span class='ocrx_word' id='word_1_101' title='bbox 1188 1973 1281 2075; x_wconf 90' lang='lat' dir='ltr'>jugo</span> <span class='ocrx_word' id='word_1_102' title='bbox 1315 1972 1394 2047; x_wconf 88' lang='lat' dir='ltr'>bar·</span> 
     </span>
    </p>

    <p class='ocr_par' dir='ltr' id='par_1_3' title="bbox 276 2083 1395 2296">
     <span class='ocr_line' id='line_1_16' title="bbox 385 2083 1395 2185; baseline 0.002 -25"><span class='ocrx_word' id='word_1_103' title='bbox 385 2084 522 2160; x_wconf 88' lang='lat' dir='ltr'>barico:</span> <span class='ocrx_word' id='word_1_104' title='bbox 556 2083 752 2158; x_wconf 88' lang='lat' dir='ltr'>nobilitatis</span> <span class='ocrx_word' id='word_1_105' title='bbox 768 2085 921 2185; x_wconf 88' lang='lat' dir='ltr'>Anglice</span> <span class='ocrx_word' id='word_1_106' title='bbox 947 2085 1079 2161; x_wconf 88' lang='lat' dir='ltr'>urbana</span> <span class='ocrx_word' id='word_1_107' title='bbox 1104 2085 1246 2162; x_wconf 87' lang='lat' dir='ltr'>libertas</span> <span class='ocrx_word' id='word_1_108' title='bbox 1278 2087 1395 2162; x_wconf 89' lang='lat' dir='ltr'>nulla·</span> 
     </span>
     <span class='ocr_line' id='line_1_17' title="bbox 276 2183 1066 2296; baseline 0.003 -23"><span class='ocrx_word' id='word_1_109' title='bbox 276 2183 280 2191; x_wconf 43' lang='lat'>⁵</span> <span class='ocrx_word' id='word_1_110' title='bbox 385 2214 490 2274; x_wconf 89' lang='lat' dir='ltr'>tenus</span> <span class='ocrx_word' id='word_1_111' title='bbox 506 2195 759 2273; x_wconf 85' lang='lat' dir='ltr'>substernatur!</span> <span class='ocrx_word' id='word_1_112' title='bbox 812 2197 913 2296; x_wconf 75' lang='lat' dir='ltr'>Quid</span> <span class='ocrx_word' id='word_1_113' title='bbox 929 2200 1066 2275; x_wconf 88' lang='lat' dir='ltr'>multa?</span> 
     </span>
    </p>
   </div>
   <div class='ocr_carea' id='block_1_3' title="bbox 507 2346 1262 2446">
    <p class='ocr_par' dir='ltr' id='par_1_4' title="bbox 507 2346 1262 2446">
     <span class='ocr_line' id='line_1_18' title="bbox 507 2346 1262 2446; baseline 0.003 -13"><span class='ocrx_word' id='word_1_114' title='bbox 507 2373 696 2433; x_wconf 78' lang='lat' dir='ltr'>Conclamsnt</span> <span class='ocrx_word' id='word_1_115' title='bbox 708 2390 816 2446; x_wconf 85' lang='lat' dir='ltr'>omnes,</span> <span class='ocrx_word' id='word_1_116' title='bbox 831 2372 909 2434; x_wconf 88' lang='lat' dir='ltr'>sedet</span> <span class='ocrx_word' id='word_1_117' title='bbox 922 2375 978 2434; x_wconf 87' lang='lat' dir='ltr'>bec</span> <span class='ocrx_word' id='word_1_118' title='bbox 992 2346 1134 2435; x_wconf 71' lang='lat' dir='ltr'>sentedcie</span> <span class='ocrx_word' id='word_1_119' title='bbox 1147 2374 1262 2435; x_wconf 68' lang='lat' dir='ltr'>cundia</span> 
     </span>
    </p>
   </div>
   <div class='ocr_carea' id='block_1_4' title="bbox 387 2527 1399 3879">
    <p class='ocr_par' dir='ltr' id='par_1_5' title="bbox 387 2527 1399 3879">
     <span class='ocr_line' id='line_1_19' title="bbox 438 2527 1395 2631; baseline 0 -28"><span class='ocrx_word' id='word_1_120' title='bbox 438 2527 709 2629; x_wconf 87' lang='lat' dir='ltr'>Posthabitoque</span> <span class='ocrx_word' id='word_1_121' title='bbox 729 2527 923 2630; x_wconf 87' lang='lat' dir='ltr'>juramenti</span> <span class='ocrx_word' id='word_1_122' title='bbox 949 2531 1048 2631; x_wconf 93' lang='lat' dir='ltr'>quod</span> <span class='ocrx_word' id='word_1_123' title='bbox 1073 2531 1214 2606; x_wconf 91' lang='lat' dir='ltr'>nullum</span> <span class='ocrx_word' id='word_1_124' title='bbox 1239 2527 1304 2605; x_wconf 76' lang='lat' dir='ltr'>elie</span> <span class='ocrx_word' id='word_1_125' title='bbox 1321 2554 1395 2603; x_wconf 85' lang='lat' dir='ltr'>cre-</span> 
     </span>
     <span class='ocr_line' id='line_1_20' title="bbox 387 2641 1393 2742; baseline -0.003 -24"><span class='ocrx_word' id='word_1_126' title='bbox 387 2642 537 2719; x_wconf 91' lang='lat' dir='ltr'>debatur</span> <span class='ocrx_word' id='word_1_127' title='bbox 581 2641 739 2742; x_wconf 92' lang='lat' dir='ltr'>periculo</span> <span class='ocrx_word' id='word_1_128' title='bbox 773 2673 781 2717; x_wconf 90' lang='lat'>:</span> <span class='ocrx_word' id='word_1_129' title='bbox 818 2643 1006 2718; x_wconf 89' lang='lat' dir='ltr'>Haroldus</span> <span class='ocrx_word' id='word_1_130' title='bbox 1047 2645 1193 2719; x_wconf 92' lang='lat' dir='ltr'>demum</span> <span class='ocrx_word' id='word_1_131' title='bbox 1236 2642 1393 2719; x_wconf 88' lang='lat' dir='ltr'>unanimi</span> 
     </span>
     <span class='ocr_line' id='line_1_21' title="bbox 388 2754 1394 2861; baseline 0 -30"><span class='ocrx_word' id='word_1_132' title='bbox 388 2755 549 2831; x_wconf 91' lang='lat' dir='ltr'>omnium</span> <span class='ocrx_word' id='word_1_133' title='bbox 591 2754 733 2830; x_wconf 80' lang='lat' dir='ltr'>consilio</span> <span class='ocrx_word' id='word_1_134' title='bbox 775 2754 983 2832; x_wconf 88' lang='lat' dir='ltr'>sublimatur</span> <span class='ocrx_word' id='word_1_135' title='bbox 1025 2758 1061 2831; x_wconf 91' lang='lat' dir='ltr'>in</span> <span class='ocrx_word' id='word_1_136' title='bbox 1101 2785 1230 2861; x_wconf 83' lang='lat' dir='ltr'>regom.</span> <span class='ocrx_word' id='word_1_137' title='bbox 1284 2758 1394 2856; x_wconf 75' lang='lat' dir='ltr'>Quod</span> 
     </span>
     <span class='ocr_line' id='line_1_22' title="bbox 389 2866 1395 2969; baseline -0.001 -26"><span class='ocrx_word' id='word_1_138' title='bbox 389 2886 505 2969; x_wconf 90' lang='lat' dir='ltr'>preter</span> <span class='ocrx_word' id='word_1_139' title='bbox 528 2866 725 2942; x_wconf 90' lang='lat' dir='ltr'>divinitatis</span> <span class='ocrx_word' id='word_1_140' title='bbox 747 2886 877 2944; x_wconf 92' lang='lat' dir='ltr'>nutum</span> <span class='ocrx_word' id='word_1_141' title='bbox 900 2870 1044 2946; x_wconf 90' lang='lat' dir='ltr'>minime</span> <span class='ocrx_word' id='word_1_142' title='bbox 1067 2872 1244 2946; x_wconf 84' lang='lat' dir='ltr'>accidisse:</span> <span class='ocrx_word' id='word_1_143' title='bbox 1270 2871 1395 2946; x_wconf 90' lang='lat' dir='ltr'>celitus</span> 
     </span>
     <span class='ocr_line' id='line_1_23' title="bbox 390 2980 1395 3084; baseline 0.001 -27"><span class='ocrx_word' id='word_1_144' title='bbox 390 2982 467 3084; x_wconf 91' lang='lat' dir='ltr'>post</span> <span class='ocrx_word' id='word_1_145' title='bbox 496 2982 533 3056; x_wconf 91' lang='lat' dir='ltr'>in</span> <span class='ocrx_word' id='word_1_146' title='bbox 560 2981 658 3057; x_wconf 89' lang='lat' dir='ltr'>brevi</span> <span class='ocrx_word' id='word_1_147' title='bbox 689 2980 804 3058; x_wconf 91' lang='lat' dir='ltr'>fuerat</span> <span class='ocrx_word' id='word_1_148' title='bbox 835 2984 1049 3060; x_wconf 88' lang='lat' dir='ltr'>declaratum</span> <span class='ocrx_word' id='word_1_149' title='bbox 1072 3043 1080 3060; x_wconf 93' lang='lat'><strong>.</strong></span> <span class='ocrx_word' id='word_1_150' title='bbox 1104 3012 1185 3061; x_wconf 90' lang='lat' dir='ltr'>cum</span> <span class='ocrx_word' id='word_1_151' title='bbox 1211 2984 1307 3061; x_wconf 90' lang='lat' dir='ltr'>enim</span> <span class='ocrx_word' id='word_1_152' title='bbox 1334 3009 1395 3059; x_wconf 92' lang='lat' dir='ltr'>rex</span> 
     </span>
     <span class='ocr_line' id='line_1_24' title="bbox 391 3093 1395 3196; baseline 0 -26"><span class='ocrx_word' id='word_1_153' title='bbox 391 3093 654 3196; x_wconf 82' lang='lat' dir='ltr'>Norwagensts¹</span> <span class='ocrx_word' id='word_1_154' title='bbox 696 3095 795 3170; x_wconf 85' lang='lat' dir='ltr'>classe</span> <span class='ocrx_word' id='word_1_155' title='bbox 829 3097 991 3172; x_wconf 70' lang='lat' dir='ltr'>advectus</span> <span class='ocrx_word' id='word_1_156' title='bbox 1025 3098 1206 3174; x_wconf 90' lang='lat' dir='ltr'>numerosa</span> <span class='ocrx_word' id='word_1_157' title='bbox 1240 3097 1395 3173; x_wconf 78' lang='lat' dir='ltr'>intrasset</span> 
     </span>
     <span class='ocr_line' id='line_1_25' title="bbox 391 3207 1395 3312; baseline 0.002 -28"><span class='ocrx_word' id='word_1_158' title='bbox 391 3207 563 3310; x_wconf 90' lang='lat' dir='ltr'>Angliam</span> <span class='ocrx_word' id='word_1_159' title='bbox 598 3208 841 3311; x_wconf 77' lang='lat' dir='ltr'>aggressusque</span> <span class='ocrx_word' id='word_1_160' title='bbox 884 3211 1135 3287; x_wconf 89' lang='lat' dir='ltr'>Eboracensem</span> <span class='ocrx_word' id='word_1_161' title='bbox 1178 3211 1395 3312; x_wconf 89' lang='lat' dir='ltr'>provinciam</span> 
     </span>
     <span class='ocr_line' id='line_1_26' title="bbox 392 3320 1396 3427; baseline 0.001 -30"><span class='ocrx_word' id='word_1_162' title='bbox 392 3323 475 3397; x_wconf 90' lang='lat' dir='ltr'>cede</span> <span class='ocrx_word' id='word_1_163' title='bbox 492 3338 528 3395; x_wconf 90' lang='lat' dir='ltr'>et</span> <span class='ocrx_word' id='word_1_164' title='bbox 552 3320 722 3397; x_wconf 90' lang='lat' dir='ltr'>incendiis</span> <span class='ocrx_word' id='word_1_165' title='bbox 747 3322 851 3397; x_wconf 91' lang='lat' dir='ltr'>obvia</span> <span class='ocrx_word' id='word_1_166' title='bbox 876 3351 1017 3426; x_wconf 91' lang='lat' dir='ltr'>queque</span> <span class='ocrx_word' id='word_1_167' title='bbox 1033 3327 1177 3401; x_wconf 88' lang='lat' dir='ltr'>vastaret</span> <span class='ocrx_word' id='word_1_168' title='bbox 1195 3326 1318 3427; x_wconf 91' lang='lat' dir='ltr'>illique</span> <span class='ocrx_word' id='word_1_169' title='bbox 1335 3349 1396 3398; x_wconf 91' lang='lat' dir='ltr'>rex</span> 
     </span>
     <span class='ocr_line' id='line_1_27' title="bbox 393 3435 1396 3540; baseline 0.002 -30"><span class='ocrx_word' id='word_1_170' title='bbox 393 3460 508 3510; x_wconf 84' lang='lat' dir='ltr'>novus</span> <span class='ocrx_word' id='word_1_171' title='bbox 525 3439 643 3509; x_wconf 78' lang='lat' dir='ltr'>coacto</span> <span class='ocrx_word' id='word_1_172' title='bbox 660 3435 815 3511; x_wconf 90' lang='lat' dir='ltr'>exercitu</span> <span class='ocrx_word' id='word_1_173' title='bbox 840 3436 1015 3513; x_wconf 89' lang='lat' dir='ltr'>festinaret</span> <span class='ocrx_word' id='word_1_174' title='bbox 1031 3464 1210 3514; x_wconf 89' lang='lat' dir='ltr'>occurrere</span> <span class='ocrx_word' id='word_1_175' title='bbox 1227 3438 1324 3540; x_wconf 89' lang='lat' dir='ltr'>tybie</span> <span class='ocrx_word' id='word_1_176' title='bbox 1341 3436 1396 3512; x_wconf 96' lang='lat' dir='ltr'>su-</span> 
     </span>
     <span class='ocr_line' id='line_1_28' title="bbox 394 3546 1396 3654; baseline 0.001 -31"><span class='ocrx_word' id='word_1_177' title='bbox 394 3547 471 3624; x_wconf 89' lang='lat' dir='ltr'>bito</span> <span class='ocrx_word' id='word_1_178' title='bbox 494 3546 600 3623; x_wconf 90' lang='lat' dir='ltr'>unius</span> <span class='ocrx_word' id='word_1_179' title='bbox 616 3548 916 3626; x_wconf 78' lang='lat' dir='ltr'>vehementissimo</span> <span class='ocrx_word' id='word_1_180' title='bbox 935 3550 1029 3651; x_wconf 90' lang='lat' dir='ltr'>cepit</span> <span class='ocrx_word' id='word_1_181' title='bbox 1050 3552 1174 3628; x_wconf 91' lang='lat' dir='ltr'>dolore</span> <span class='ocrx_word' id='word_1_182' title='bbox 1196 3550 1396 3654; x_wconf 87' lang='lat' dir='ltr'>constringi.</span> 
     </span>
     <span class='ocr_line' id='line_1_29' title="bbox 394 3659 1398 3763; baseline 0.002 -26"><span class='ocrx_word' id='word_1_183' title='bbox 394 3661 469 3762; x_wconf 75' lang='lat' dir='ltr'>Qui</span> <span class='ocrx_word' id='word_1_184' title='bbox 486 3687 530 3737; x_wconf 92' lang='lat' dir='ltr'>ex</span> <span class='ocrx_word' id='word_1_185' title='bbox 546 3659 609 3737; x_wconf 93' lang='lat' dir='ltr'>suo</span> <span class='ocrx_word' id='word_1_186' title='bbox 625 3662 688 3735; x_wconf 83' lang='lat' dir='ltr'>tali</span> <span class='ocrx_word' id='word_1_187' title='bbox 699 3664 869 3763; x_wconf 88' lang='lat' dir='ltr'>compede</span> <span class='ocrx_word' id='word_1_188' title='bbox 883 3665 963 3763; x_wconf 92' lang='lat' dir='ltr'>plus</span> <span class='ocrx_word' id='word_1_189' title='bbox 973 3663 1195 3741; x_wconf 92' lang='lat' dir='ltr'>subditorum</span> <span class='ocrx_word' id='word_1_190' title='bbox 1208 3664 1398 3740; x_wconf 90' lang='lat' dir='ltr'>discrimini</span> 
     </span>
     <span class='ocr_line' id='line_1_30' title="bbox 393 3773 1399 3879; baseline 0.001 -27"><span class='ocrx_word' id='word_1_191' title='bbox 393 3801 503 3878; x_wconf 85' lang='lat' dir='ltr'>quam</span> <span class='ocrx_word' id='word_1_192' title='bbox 520 3773 582 3850; x_wconf 92' lang='lat' dir='ltr'>suo</span> <span class='ocrx_word' id='word_1_193' title='bbox 599 3774 857 3876; x_wconf 82' lang='lat' dir='ltr'>congemiscens</span> <span class='ocrx_word' id='word_1_194' title='bbox 879 3777 996 3853; x_wconf 92' lang='lat' dir='ltr'>dolori</span> <span class='ocrx_word' id='word_1_195' title='bbox 1020 3785 1157 3854; x_wconf 81' lang='lat' dir='ltr'>notbem</span> <span class='ocrx_word' id='word_1_196' title='bbox 1180 3805 1268 3879; x_wconf 88' lang='lat' dir='ltr'>pene</span> <span class='ocrx_word' id='word_1_197' title='bbox 1285 3795 1399 3854; x_wconf 87' lang='lat' dir='ltr'>totam</span> 
     </span>
    </p>
   </div>
   <div class='ocr_carea' id='block_1_5' title="bbox 395 3943 1402 4098">
    <p class='ocr_par' dir='ltr' id='par_1_6' title="bbox 395 3943 1402 4098">
     <span class='ocr_line' id='line_1_31' title="bbox 434 3943 1402 4027; baseline 0.006 -24"><span class='ocrx_word' id='word_1_198' title='bbox 434 3943 447 3985; x_wconf 83' lang='lat'>¹</span> <span class='ocrx_word' id='word_1_199' title='bbox 468 3945 524 4004; x_wconf 85' lang='lat' dir='ltr'>For</span> <span class='ocrx_word' id='word_1_200' title='bbox 536 3959 656 4005; x_wconf 71' lang='lat' dir='ltr'>account</span> <span class='ocrx_word' id='word_1_201' title='bbox 670 3944 705 4003; x_wconf 88' lang='lat' dir='ltr'>os</span> <span class='ocrx_word' id='word_1_202' title='bbox 721 3946 777 4005; x_wconf 83' lang='lat' dir='ltr'>this</span> <span class='ocrx_word' id='word_1_203' title='bbox 798 3945 922 4006; x_wconf 81' lang='lat' dir='ltr'>invafion</span> <span class='ocrx_word' id='word_1_204' title='bbox 941 3947 996 4006; x_wconf 80' lang='lat' dir='ltr'>eud</span> <span class='ocrx_word' id='word_1_205' title='bbox 1015 3948 1050 4007; x_wconf 84' lang='lat' dir='ltr'>its</span> <span class='ocrx_word' id='word_1_206' title='bbox 1063 3946 1156 4020; x_wconf 86' lang='lat' dir='ltr'>result,</span> <span class='ocrx_word' id='word_1_207' title='bbox 1172 3946 1217 4009; x_wconf 88' lang='lat' dir='ltr'>see</span> <span class='ocrx_word' id='word_1_208' title='bbox 1231 3949 1281 4008; x_wconf 87' lang='lat' dir='ltr'>the</span> <span class='ocrx_word' id='word_1_209' title='bbox 1294 3949 1402 4027; x_wconf 77' lang='lat' dir='ltr'>Anglo·</span> 
     </span>
     <span class='ocr_line' id='line_1_32' title="bbox 395 4025 928 4098; baseline 0.008 -12"><span class='ocrx_word' id='word_1_210' title='bbox 395 4025 489 4086; x_wconf 81' lang='lat' dir='ltr'>Suon</span> <span class='ocrx_word' id='word_1_211' title='bbox 504 4025 669 4098; x_wconf 85' lang='lat' dir='ltr'>Cllrouicle,</span> <span class='ocrx_word' id='word_1_212' title='bbox 681 4028 719 4086; x_wconf 76' lang='lat' dir='ltr'>ad</span> <span class='ocrx_word' id='word_1_213' title='bbox 728 4046 824 4088; x_wconf 72' lang='lat' dir='ltr'>mern</span> <span class='ocrx_word' id='word_1_214' title='bbox 842 4025 928 4090; x_wconf 86' lang='lat'>1066.</span> 
     </span>
    </p>
   </div>
   <div class='ocr_carea' id='block_1_6' title="bbox 0 0 1519 5152">
    <p class='ocr_par' dir='ltr' id='par_1_7' title="bbox 0 0 1519 5152">
     <span class='ocr_line' id='line_1_33' title="bbox 0 0 1519 5152; baseline 0 0"><span class='ocrx_word' id='word_1_215' title='bbox 0 0 1519 5152; x_wconf 95' lang='lat' dir='ltr'> </span> 
     </span>
    </p>
   </div>
  </div>
 </body>
</html>
