3000 5152
392 270 444 351 86
674 273 762 352 Vita
792 228 958 353 Haroldt'
982 274 1108 383 Regis.

388 499 463 576 quo
480 504 652 552 unacum
679 477 846 554 fratribus
873 480 932 554 fibi
960 480 1207 555 adherentibus
1233 480 1269 553 in
1296 480 1392 554 curia

314 581 320 603 ‘
387 590 480 690 regis
496 593 592 690 apud
605 591 864 666 Wodestocam¹
882 593 1071 694 diligenter
1087 592 1243 667 sciscitari
1259 593 1392 667 studuit

387 720 510 788 utrum
527 731 646 779 revera
664 706 795 779 cineres
820 707 977 806 germani
1004 706 1054 780 sui
1080 707 1116 780 in
1135 705 1197 780 suo
1214 724 1254 780 ut
1273 707 1393 782 crede-

387 816 491 891 batur
508 819 716 892 monasterio
729 818 956 894 servarentur.
973 878 977 885 .
1010 819 1166 916 Quibus²
1184 821 1242 893 ille
1255 820 1391 918 anglice

386 929 565 1030 respondit
597 989 604 1005 .
642 943 664 974 “
677 932 858 1006 Rusticum
870 935 888 961 ”
922 933 971 1006 ait
1002 944 1025 975 “
1039 932 1233 1031 quemlibet
1264 933 1391 1005 habere

386 1045 547 1143 potestis.
563 1045 769 1119 Haroldum
787 1072 859 1119 non
876 1046 1043 1119 habetis.''
1069 1047 1131 1121 Ad
1141 1048 1259 1120 locum
1270 1044 1389 1119 tamen

386 1184 448 1258 per
482 1157 629 1257 seipsum
656 1157 753 1232 venit
780 1183 918 1232 crucem
953 1157 1100 1233 sanctam
1134 1160 1344 1233 adoraturus
1380 1215 1388 1231 .

386 1269 601 1371 Ostensoque
634 1271 694 1344 fibi
729 1269 923 1372 sarcofago8
957 1269 1075 1345 fratris
1108 1289 1149 1345 ut
1185 1271 1386 1346 dicebatur:

385 1384 529 1484 oblique
547 1384 638 1458 illud
656 1384 807 1458 intuitus
824 1395 846 1426 “
859 1412 932 1458 non
943 1385 962 1413 '’
980 1385 1028 1459 ait
1043 1386 1187 1458 “homo
1204 1383 1296 1458 scit'’
1317 1441 1325 1458 .
1345 1385 1388 1458 stc

384 1497 479 1570 enim
490 1497 637 1598 jurabat
653 1509 760 1572 “non
776 1497 936 1600 hicjacet
954 1499 1174 1572 Haroldus.''
1225 1496 1333 1571 Vivat
1351 1497 1389 1570 in

384 1611 535 1711 longum
568 1628 604 1684 et
639 1611 756 1711 vigeat
791 1610 827 1684 in
859 1611 996 1685 Christo
1029 1611 1195 1685 dominus
1231 1610 1387 1684 Michael

383 1724 570 1796 canonicus
599 1723 745 1821 probate
774 1724 955 1825 religionis
981 1718 996 1804 ζ,
1021 1724 1227 1798 camerarius
1253 1725 1387 1797 ecclesie

382 1838 651 1912 Walthamensrs
668 1838 731 1938 qui
757 1839 879 1912 multis
904 1838 1092 1911 astantibus
1117 1863 1271 1937 quorum
1297 1863 1388 1912 non-

383 1951 472 2023 nulli
491 1952 606 2024 adhuc
623 1950 804 2050 supersunt
825 1952 889 2024 hec
906 1952 949 2025 ab
965 1951 1068 2024 hore4
1086 1951 1153 2025 viri
1170 1949 1203 2025 se
1220 1950 1387 2025 audivisse
1404 2000 1407 2004 ι

382 2063 577 2137 constanter
604 2064 780 2139 asseverat.
833 2064 919 2139 Hiis
943 2082 1063 2138 autem
1098 2091 1164 2164 pro
1189 2062 1388 2165 legencium

382 2177 661 2252 commonicione
689 2205 732 2252 ne
767 2178 947 2278 perturbet
979 2194 1040 2253 eos
1073 2178 1222 2252 varietas
1256 2177 1388 2278 incerta

376 2287 592 2388 scriptorum
626 2283 778 2366 breviter
812 2317 875 2366 nec
909 2291 1083 2381 inutiliter
1109 2311 1151 2365 ut
1177 2291 1388 2366 confidimus

382 2403 561 2504 prelibatis
596 2461 605 2478 .
635 2405 712 2505 jam
751 2423 792 2479 ut
836 2405 1085 2504 promislimus⁶
1125 2404 1192 2478 viri
1233 2403 1389 2504 superius

381 2516 567 2591 memorati
595 2518 701 2592 verba
734 2520 896 2618 ponenda
931 2517 1010 2592 sunt
1045 2517 1175 2618 quibus
1209 2515 1389 2592 manifeste

382 2630 532 2703 docetur
551 2686 559 2704 .
578 2631 731 2731 qualiter
756 2631 843 2705 servi
862 2630 912 2704 sui
932 2631 1100 2706 noticiam
1118 2630 1244 2726 Christi
1262 2631 1388 2731 benig-

383 2742 475 2816 nitas
491 2742 653 2842 plurimis
669 2743 920 2818 evidentiffime
937 2742 1145 2844 patefaceret
1163 2743 1310 2847 indiciis.

379 3024 396 3064 a
410 3024 500 3063 canon
515 3004 550 3062 of
560 3004 686 3082 Oseney,
696 3024 752 3062 was
762 3004 931 3063 constituted
945 3003 1001 3063 first
1016 3005 1110 3063 abbot.
1139 3006 1188 3064 He
1202 3005 1269 3063 died
1282 3026 1321 3063 on
1335 3008 1384 3065 the

378 3106 430 3143 eve
445 3085 480 3143 os
488 3085 641 3144 Ascenston
658 3085 731 3163 Dry,
750 3101 834 3144 1201.
876 3085 944 3144 The
964 3086 1092 3144 mention
1110 3086 1144 3143 os
1160 3087 1204 3145 his
1218 3106 1301 3145 name
1317 3089 1385 3146 here

378 3165 407 3224 in
422 3167 471 3224 the
487 3181 548 3223 text
562 3166 650 3224 seems
671 3181 700 3224 to
720 3166 841 3224 indicate
858 3167 919 3223 that
940 3166 983 3223 his
1003 3166 1119 3224 decease
1134 3188 1189 3225 was
1208 3183 1315 3237 recent,
1330 3169 1386 3226 and

377 3247 594 3386 bellpsvgqplq'qnt
604 3248 657 3385 lphe
671 3247 846 3386 MSbtofthp
860 3247 925 3306 date
940 3247 1035 3305 which
1050 3248 1065 3305 Ι
1081 3248 1151 3306 have
1166 3248 1286 3326 assigned
1300 3264 1330 3307 to
1343 3250 1375 3308 it.

569 3348 602 3386 oc
623 3349 714 3399 ,neat
759 3347 778 3385 x
792 3348 852 3386 or.

417 3406 430 3444 ²
452 3409 502 3466 On
517 3410 566 3467 the
580 3410 688 3485 margin
701 3409 736 3467 of
747 3410 795 3466 the
807 3409 871 3469 MS.
888 3429 903 3467 a
918 3429 1082 3485 monogram
1097 3410 1132 3467 of
1141 3411 1192 3469 the
1206 3409 1284 3470 word
1302 3412 1386 3484 Nota,

378 3503 408 3547 to
421 3487 497 3546 draw
512 3490 560 3546 the
575 3492 712 3550 attention
727 3491 762 3548 of
772 3490 821 3548 the
835 3491 944 3549 render.

416 3568 429 3608 ⁸
451 3569 559 3640 H.M.;
581 3569 733 3647 sarbosago,
748 3570 787 3629 G.
909 3571 923 3610 ⁴
943 3570 1006 3642 H.;
1027 3592 1084 3648 ore,
1101 3572 1188 3633 M.G.

416 3650 429 3690 ³
450 3650 558 3720 H.M.;
579 3652 771 3730 promisfimus,
787 3651 828 3719 G.
