<?xml version="1.0" encoding="UTF-8"?>
<!DOCTYPE html PUBLIC "-//W3C//DTD XHTML 1.0 Transitional//EN"
    "http://www.w3.org/TR/xhtml1/DTD/xhtml1-transitional.dtd">
<html xmlns="http://www.w3.org/1999/xhtml" xml:lang="en" lang="en">
 <head>
  <title>
</title>
<meta http-equiv="Content-Type" content="text/html;charset=utf-8" />
  <meta name='ocr-system' content='tesseract 3.04.00' />
  <meta name='ocr-capabilities' content='ocr_page ocr_carea ocr_par ocr_line ocrx_word'/>
</head>
<body>
  <div class='ocr_page' id='page_1' title='image "./vitaharoldiroma00musegoog_0111.png"; bbox 0 0 3000 5152; ppageno 0'>
   <div class='ocr_carea' id='block_1_1' title="bbox 363 82 1085 258">
    <p class='ocr_par' dir='ltr' id='par_1_1' title="bbox 363 82 1085 258">
     <span class='ocr_line' id='line_1_1' title="bbox 363 82 1085 258; baseline 0.008 -36"><span class='ocrx_word' id='word_1_1' title='bbox 363 112 420 231; x_wconf 79' lang='grc'>,88</span> <span class='ocrx_word' id='word_1_2' title='bbox 540 251 544 258; x_wconf 22' lang='lat'>¹</span> <span class='ocrx_word' id='word_1_3' title='bbox 651 82 740 226; x_wconf 77' lang='lat' dir='ltr'>Vtta</span> <span class='ocrx_word' id='word_1_4' title='bbox 769 147 931 227; x_wconf 82' lang='lat' dir='ltr'>Harolar</span> <span class='ocrx_word' id='word_1_5' title='bbox 959 116 1085 256; x_wconf 66' lang='lat' dir='ltr'>Regis.</span> 
     </span>
    </p>
   </div>
   <div class='ocr_carea' id='block_1_2' title="bbox 247 351 1379 3512">
    <p class='ocr_par' dir='ltr' id='par_1_2' title="bbox 366 351 1370 570">
     <span class='ocr_line' id='line_1_2' title="bbox 367 351 1368 458; baseline 0.003 -32"><span class='ocrx_word' id='word_1_6' title='bbox 367 351 577 427; x_wconf 83' lang='lat' dir='ltr'>narracionis</span> <span class='ocrx_word' id='word_1_7' title='bbox 601 354 683 430; x_wconf 88' lang='lat' dir='ltr'>serie</span> <span class='ocrx_word' id='word_1_8' title='bbox 700 357 770 429; x_wconf 91' lang='lat' dir='ltr'>illis</span> <span class='ocrx_word' id='word_1_9' title='bbox 786 357 927 433; x_wconf 88' lang='lat' dir='ltr'>videtur</span> <span class='ocrx_word' id='word_1_10' title='bbox 952 358 1107 433; x_wconf 84' lang='lat' dir='ltr'>accidisl&#39;e</span> <span class='ocrx_word' id='word_1_11' title='bbox 1126 415 1134 432; x_wconf 88' lang='lat'><strong>.</strong></span> <span class='ocrx_word' id='word_1_12' title='bbox 1153 357 1215 458; x_wconf 90' lang='lat' dir='ltr'>qui</span> <span class='ocrx_word' id='word_1_13' title='bbox 1239 356 1368 431; x_wconf 90' lang='lat' dir='ltr'>rationi</span> 
     </span>
     <span class='ocr_line' id='line_1_3' title="bbox 366 464 1370 570; baseline 0.004 -33"><span class='ocrx_word' id='word_1_14' title='bbox 366 464 544 565; x_wconf 89' lang='lat' dir='ltr'>perspicue</span> <span class='ocrx_word' id='word_1_15' title='bbox 562 494 625 563; x_wconf 91' lang='lat' dir='ltr'>nec</span> <span class='ocrx_word' id='word_1_16' title='bbox 648 496 720 542; x_wconf 92' lang='lat' dir='ltr'>non</span> <span class='ocrx_word' id='word_1_17' title='bbox 747 469 899 544; x_wconf 90' lang='lat' dir='ltr'>aliorum</span> <span class='ocrx_word' id='word_1_18' title='bbox 923 470 1081 570; x_wconf 92' lang='lat' dir='ltr'>opinioni</span> <span class='ocrx_word' id='word_1_19' title='bbox 1108 471 1259 570; x_wconf 86' lang='lat' dir='ltr'>amplius</span> <span class='ocrx_word' id='word_1_20' title='bbox 1276 469 1370 542; x_wconf 89' lang='lat' dir='ltr'>inni-</span> 
     </span>
    </p>

    <p class='ocr_par' dir='ltr' id='par_1_3' title="bbox 260 581 1379 1474">
     <span class='ocr_line' id='line_1_4' title="bbox 287 581 1369 683; baseline 0.003 -32"><span class='ocrx_word' id='word_1_21' title='bbox 287 614 290 620; x_wconf 95' lang='lat'>·</span> <span class='ocrx_word' id='word_1_22' title='bbox 365 593 480 652; x_wconf 90' lang='lat' dir='ltr'>tentes</span> <span class='ocrx_word' id='word_1_23' title='bbox 494 606 618 653; x_wconf 86' lang='lat' dir='ltr'>eorum</span> <span class='ocrx_word' id='word_1_24' title='bbox 636 581 798 656; x_wconf 90' lang='lat' dir='ltr'>videlicet</span> <span class='ocrx_word' id='word_1_25' title='bbox 816 583 878 683; x_wconf 91' lang='lat' dir='ltr'>qui</span> <span class='ocrx_word' id='word_1_26' title='bbox 896 582 994 658; x_wconf 87' lang='lat' dir='ltr'>servo</span> <span class='ocrx_word' id='word_1_27' title='bbox 1011 582 1145 658; x_wconf 92' lang='lat' dir='ltr'>domini</span> <span class='ocrx_word' id='word_1_28' title='bbox 1164 582 1369 656; x_wconf 86' lang='lat' dir='ltr'>familiarius</span> 
     </span>
     <span class='ocr_line' id='line_1_5' title="bbox 260 690 1379 799; baseline 0.005 -37"><span class='ocrx_word' id='word_1_29' title='bbox 260 698 356 762; x_wconf 60' lang='lat' dir='ltr'>‘nbi</span> <span class='ocrx_word' id='word_1_30' title='bbox 365 690 568 799; x_wconf 85' lang='lat' dir='ltr'>adheserant</span> <span class='ocrx_word' id='word_1_31' title='bbox 596 694 702 793; x_wconf 85' lang='lat' dir='ltr'>ipfius</span> <span class='ocrx_word' id='word_1_32' title='bbox 728 697 885 795; x_wconf 86' lang='lat' dir='ltr'>quodam</span> <span class='ocrx_word' id='word_1_33' title='bbox 915 697 1024 771; x_wconf 90' lang='lat' dir='ltr'>modo</span> <span class='ocrx_word' id='word_1_34' title='bbox 1051 697 1213 771; x_wconf 90' lang='lat' dir='ltr'>intimam</span> <span class='ocrx_word' id='word_1_35' title='bbox 1240 696 1379 768; x_wconf 45' lang='lat' dir='ltr'>mentis*</span> 
     </span>
     <span class='ocr_line' id='line_1_6' title="bbox 365 804 1370 910; baseline 0.003 -31"><span class='ocrx_word' id='word_1_36' title='bbox 365 804 567 906; x_wconf 79' lang='lat' dir='ltr'>ymaginem</span> <span class='ocrx_word' id='word_1_37' title='bbox 594 807 758 882; x_wconf 83' lang='lat' dir='ltr'>cordibus</span> <span class='ocrx_word' id='word_1_38' title='bbox 793 807 861 883; x_wconf 89' lang='lat' dir='ltr'>suis</span> <span class='ocrx_word' id='word_1_39' title='bbox 887 810 995 883; x_wconf 86' lang='lat' dir='ltr'>alcius</span> <span class='ocrx_word' id='word_1_40' title='bbox 1028 809 1233 910; x_wconf 80' lang='lat' dir='ltr'>impressere.</span> <span class='ocrx_word' id='word_1_41' title='bbox 1286 810 1370 905; x_wconf 78' lang='lat' dir='ltr'>Quc</span> 
     </span>
     <span class='ocr_line' id='line_1_7' title="bbox 353 917 1369 1029; baseline 0.005 -40"><span class='ocrx_word' id='word_1_42' title='bbox 353 941 452 1029; x_wconf 23' lang='lat' dir='ltr'>&#39;vero</span> <span class='ocrx_word' id='word_1_43' title='bbox 481 917 543 993; x_wconf 90' lang='lat' dir='ltr'>illa</span> <span class='ocrx_word' id='word_1_44' title='bbox 569 919 635 993; x_wconf 84' lang='lat' dir='ltr'>sint</span> <span class='ocrx_word' id='word_1_45' title='bbox 664 921 794 1021; x_wconf 88' lang='lat' dir='ltr'>quibus</span> <span class='ocrx_word' id='word_1_46' title='bbox 826 921 944 996; x_wconf 89' lang='lat' dir='ltr'>minus</span> <span class='ocrx_word' id='word_1_47' title='bbox 977 921 1167 1023; x_wconf 86' lang='lat' dir='ltr'>adquiescit</span> <span class='ocrx_word' id='word_1_48' title='bbox 1194 920 1298 1020; x_wconf 77' lang='lat' dir='ltr'>ipsius</span> <span class='ocrx_word' id='word_1_49' title='bbox 1327 937 1369 994; x_wconf 92' lang='lat' dir='ltr'>ut</span> 
     </span>
     <span class='ocr_line' id='line_1_8' title="bbox 365 1029 1370 1133; baseline 0.003 -31"><span class='ocrx_word' id='word_1_50' title='bbox 365 1029 521 1105; x_wconf 85' lang='lat' dir='ltr'>creditur</span> <span class='ocrx_word' id='word_1_51' title='bbox 537 1049 640 1129; x_wconf 88' lang='lat' dir='ltr'>tenor</span> <span class='ocrx_word' id='word_1_52' title='bbox 656 1035 814 1108; x_wconf 87' lang='lat' dir='ltr'>veritatis</span> <span class='ocrx_word' id='word_1_53' title='bbox 840 1060 945 1133; x_wconf 91' lang='lat' dir='ltr'>opere</span> <span class='ocrx_word' id='word_1_54' title='bbox 971 1034 1127 1133; x_wconf 87' lang='lat' dir='ltr'>precium</span> <span class='ocrx_word' id='word_1_55' title='bbox 1152 1034 1200 1108; x_wconf 86' lang='lat' dir='ltr'>est</span> <span class='ocrx_word' id='word_1_56' title='bbox 1217 1033 1370 1108; x_wconf 87' lang='lat' dir='ltr'>breviter</span> 
     </span>
     <span class='ocr_line' id='line_1_9' title="bbox 365 1142 1369 1250; baseline 0 -30"><span class='ocrx_word' id='word_1_57' title='bbox 365 1142 557 1220; x_wconf 87' lang='lat' dir='ltr'>discutere.</span> <span class='ocrx_word' id='word_1_58' title='bbox 577 1174 651 1250; x_wconf 94' lang='lat' dir='ltr'>quo</span> <span class='ocrx_word' id='word_1_59' title='bbox 671 1149 936 1249; x_wconf 80' lang='lat' dir='ltr'>simplicioribus</span> <span class='ocrx_word' id='word_1_60' title='bbox 954 1174 1020 1247; x_wconf 93' lang='lat' dir='ltr'>pro</span> <span class='ocrx_word' id='word_1_61' title='bbox 1038 1149 1131 1247; x_wconf 74' lang='lat' dir='ltr'>posse</span> <span class='ocrx_word' id='word_1_62' title='bbox 1147 1147 1369 1222; x_wconf 87' lang='lat' dir='ltr'>auditoribus</span> 
     </span>
     <span class='ocr_line' id='line_1_10' title="bbox 338 1256 1370 1361; baseline 0.001 -30"><span class='ocrx_word' id='word_1_63' title='bbox 338 1256 440 1332; x_wconf 84' lang='lat' dir='ltr'>¹vim</span> <span class='ocrx_word' id='word_1_64' title='bbox 474 1257 692 1336; x_wconf 88' lang='lat' dir='ltr'>discrecionis</span> <span class='ocrx_word' id='word_1_65' title='bbox 732 1262 924 1361; x_wconf 84' lang='lat' dir='ltr'>aperientes</span> <span class='ocrx_word' id='word_1_66' title='bbox 959 1320 967 1335; x_wconf 93' lang='lat'><strong>.</strong></span> <span class='ocrx_word' id='word_1_67' title='bbox 1003 1287 1145 1336; x_wconf 87' lang='lat' dir='ltr'>omnem</span> <span class='ocrx_word' id='word_1_68' title='bbox 1179 1259 1370 1335; x_wconf 87' lang='lat' dir='ltr'>dubietatis</span> 
     </span>
     <span class='ocr_line' id='line_1_11' title="bbox 365 1370 1368 1474; baseline 0.001 -30"><span class='ocrx_word' id='word_1_69' title='bbox 365 1370 551 1472; x_wconf 83' lang='lat' dir='ltr'>caliginem</span> <span class='ocrx_word' id='word_1_70' title='bbox 595 1375 640 1466; x_wconf 79' lang='lat' dir='ltr'>&#39;de</span> <span class='ocrx_word' id='word_1_71' title='bbox 681 1375 808 1449; x_wconf 19' lang='lat' dir='ltr'>medior</span> <span class='ocrx_word' id='word_1_72' title='bbox 842 1373 1052 1449; x_wconf 86' lang='lat' dir='ltr'>auferamus.</span> <span class='ocrx_word' id='word_1_73' title='bbox 1116 1374 1215 1448; x_wconf 92' lang='lat' dir='ltr'>Dicit</span> <span class='ocrx_word' id='word_1_74' title='bbox 1258 1372 1368 1474; x_wconf 86' lang='lat' dir='ltr'>igitur</span> 
     </span>
    </p>

    <p class='ocr_par' dir='ltr' id='par_1_4' title="bbox 292 1485 1370 1926">
     <span class='ocr_line' id='line_1_12' title="bbox 292 1485 1366 1589; baseline 0 -31"><span class='ocrx_word' id='word_1_75' title='bbox 292 1580 295 1587; x_wconf 89' lang='lat'><em>.</em></span> <span class='ocrx_word' id='word_1_76' title='bbox 364 1503 579 1561; x_wconf 89' lang='lat' dir='ltr'>memoratus</span> <span class='ocrx_word' id='word_1_77' title='bbox 612 1486 667 1561; x_wconf 88' lang='lat' dir='ltr'>vir</span> <span class='ocrx_word' id='word_1_78' title='bbox 697 1489 741 1562; x_wconf 92' lang='lat' dir='ltr'>de</span> <span class='ocrx_word' id='word_1_79' title='bbox 771 1486 885 1588; x_wconf 73' lang='lat' dir='ltr'>saneto</span> <span class='ocrx_word' id='word_1_80' title='bbox 915 1506 1001 1562; x_wconf 90' lang='lat' dir='ltr'>tunc</span> <span class='ocrx_word' id='word_1_81' title='bbox 1036 1487 1278 1589; x_wconf 85' lang='lat' dir='ltr'>peregrinante</span> <span class='ocrx_word' id='word_1_82' title='bbox 1307 1485 1366 1559; x_wconf 84' lang='lat' dir='ltr'>ita.</span> 
     </span>
     <span class='ocr_line' id='line_1_13' title="bbox 365 1598 1368 1705; baseline 0 -33"><span class='ocrx_word' id='word_1_83' title='bbox 365 1598 597 1674; x_wconf 88' lang='lat' dir='ltr'>Postmodum</span> <span class='ocrx_word' id='word_1_84' title='bbox 626 1601 711 1702; x_wconf 90' lang='lat' dir='ltr'>quia</span> <span class='ocrx_word' id='word_1_85' title='bbox 735 1601 864 1705; x_wconf 87' lang='lat' dir='ltr'>natalis</span> <span class='ocrx_word' id='word_1_86' title='bbox 899 1600 961 1676; x_wconf 95' lang='lat' dir='ltr'>soli</span> <span class='ocrx_word' id='word_1_87' title='bbox 997 1600 1130 1700; x_wconf 89' lang='lat' dir='ltr'>semper</span> <span class='ocrx_word' id='word_1_88' title='bbox 1159 1599 1273 1675; x_wconf 87' lang='lat' dir='ltr'>dulcis</span> <span class='ocrx_word' id='word_1_89' title='bbox 1302 1599 1368 1673; x_wconf 85' lang='lat' dir='ltr'>elle</span> 
     </span>
     <span class='ocr_line' id='line_1_14' title="bbox 364 1708 1368 1816; baseline 0.001 -32"><span class='ocrx_word' id='word_1_90' title='bbox 364 1708 451 1785; x_wconf 87' lang='lat' dir='ltr'>solet</span> <span class='ocrx_word' id='word_1_91' title='bbox 485 1712 720 1788; x_wconf 86' lang='lat' dir='ltr'>inhabitacio:</span> <span class='ocrx_word' id='word_1_92' title='bbox 757 1717 801 1791; x_wconf 91' lang='lat' dir='ltr'>ad</span> <span class='ocrx_word' id='word_1_93' title='bbox 835 1714 1009 1816; x_wconf 88' lang='lat' dir='ltr'>Angliam</span> <span class='ocrx_word' id='word_1_94' title='bbox 1038 1713 1139 1816; x_wconf 88' lang='lat' dir='ltr'>cujus</span> <span class='ocrx_word' id='word_1_95' title='bbox 1172 1730 1274 1786; x_wconf 82' lang='lat' dir='ltr'>antea</span> <span class='ocrx_word' id='word_1_96' title='bbox 1307 1737 1368 1787; x_wconf 86' lang='lat' dir='ltr'>rex</span> 
     </span>
     <span class='ocr_line' id='line_1_15' title="bbox 340 1823 1370 1926; baseline 0 -29"><span class='ocrx_word' id='word_1_97' title='bbox 340 1823 528 1899; x_wconf 78' lang='lat' dir='ltr'>extiterat</span> <span class='ocrx_word' id='word_1_98' title='bbox 557 1826 701 1901; x_wconf 78' lang='lat' dir='ltr'>concito‘</span> <span class='ocrx_word' id='word_1_99' title='bbox 718 1828 939 1926; x_wconf 84' lang='lat' dir='ltr'>properavit.</span> <span class='ocrx_word' id='word_1_100' title='bbox 1005 1829 1099 1902; x_wconf 89' lang='lat' dir='ltr'>Cum</span> <span class='ocrx_word' id='word_1_101' title='bbox 1126 1844 1245 1900; x_wconf 88' lang='lat' dir='ltr'>autern</span> <span class='ocrx_word' id='word_1_102' title='bbox 1279 1823 1370 1924; x_wconf 88' lang='lat' dir='ltr'>sapi-</span> 
     </span>
    </p>

    <p class='ocr_par' dir='ltr' id='par_1_5' title="bbox 247 1939 1377 2609">
     <span class='ocr_line' id='line_1_16' title="bbox 287 1939 1377 2045; baseline 0.001 -36"><span class='ocrx_word' id='word_1_103' title='bbox 287 1953 291 1960; x_wconf 88' lang='grc'><em>·</em></span> <span class='ocrx_word' id='word_1_104' title='bbox 346 1942 488 2010; x_wconf 83' lang='lat' dir='ltr'>enturn</span> <span class='ocrx_word' id='word_1_105' title='bbox 522 1939 734 2015; x_wconf 88' lang='lat' dir='ltr'>diffinicione</span> <span class='ocrx_word' id='word_1_106' title='bbox 766 1941 894 2015; x_wconf 89' lang='lat' dir='ltr'>tritum</span> <span class='ocrx_word' id='word_1_107' title='bbox 928 1941 990 2017; x_wconf 87' lang='lat' dir='ltr'>srt:</span> <span class='ocrx_word' id='word_1_108' title='bbox 1016 1941 1100 2045; x_wconf 91' lang='lat' dir='ltr'>quia</span> <span class='ocrx_word' id='word_1_109' title='bbox 1129 1941 1290 2014; x_wconf 88' lang='lat' dir='ltr'>infirmus</span> <span class='ocrx_word' id='word_1_110' title='bbox 1321 1939 1377 2013; x_wconf 86' lang='lat' dir='ltr'>est.</span> 
     </span>
     <span class='ocr_line' id='line_1_17' title="bbox 247 2046 1369 2158; baseline 0.003 -35"><span class='ocrx_word' id='word_1_111' title='bbox 247 2063 253 2072; x_wconf 84' lang='lat'>&#39;</span> <span class='ocrx_word' id='word_1_112' title='bbox 365 2050 480 2124; x_wconf 87' lang='lat' dir='ltr'>adhuc</span> <span class='ocrx_word' id='word_1_113' title='bbox 497 2051 554 2125; x_wconf 92' lang='lat' dir='ltr'>cui</span> <span class='ocrx_word' id='word_1_114' title='bbox 572 2051 770 2158; x_wconf 83' lang='lat' dir='ltr'>patriasua</span> <span class='ocrx_word' id='word_1_115' title='bbox 797 2054 910 2128; x_wconf 92' lang='lat' dir='ltr'>dulcis</span> <span class='ocrx_word' id='word_1_116' title='bbox 936 2053 984 2128; x_wconf 91' lang='lat' dir='ltr'>est</span> <span class='ocrx_word' id='word_1_117' title='bbox 1001 2111 1010 2128; x_wconf 90' lang='lat'><strong>.</strong></span> <span class='ocrx_word' id='word_1_118' title='bbox 1029 2052 1133 2128; x_wconf 88' lang='lat' dir='ltr'>fortis</span> <span class='ocrx_word' id='word_1_119' title='bbox 1158 2046 1243 2128; x_wconf 66' lang='lat' dir='ltr'>lero</span> <span class='ocrx_word' id='word_1_120' title='bbox 1262 2053 1369 2156; x_wconf 85' lang='lat' dir='ltr'>jam.</span> 
     </span>
     <span class='ocr_line' id='line_1_18' title="bbox 364 2164 1370 2271; baseline 0.001 -33"><span class='ocrx_word' id='word_1_121' title='bbox 364 2187 449 2271; x_wconf 83' lang='lat' dir='ltr'>cum</span> <span class='ocrx_word' id='word_1_122' title='bbox 466 2175 572 2240; x_wconf 87' lang='lat' dir='ltr'>omne</span> <span class='ocrx_word' id='word_1_123' title='bbox 595 2164 847 2268; x_wconf 86' lang='lat' dir='ltr'>solumpatria</span> <span class='ocrx_word' id='word_1_124' title='bbox 862 2167 910 2242; x_wconf 87' lang='lat' dir='ltr'>est</span> <span class='ocrx_word' id='word_1_125' title='bbox 928 2225 936 2241; x_wconf 91' lang='lat'><strong>.</strong></span> <span class='ocrx_word' id='word_1_126' title='bbox 955 2165 1128 2266; x_wconf 69' lang='lat' dir='ltr'>periodus</span> <span class='ocrx_word' id='word_1_127' title='bbox 1152 2192 1296 2268; x_wconf 91' lang='lat' dir='ltr'>quoque</span> <span class='ocrx_word' id='word_1_128' title='bbox 1313 2166 1370 2239; x_wconf 89' lang='lat' dir='ltr'>cui</span> 
     </span>
     <span class='ocr_line' id='line_1_19' title="bbox 348 2276 1370 2378; baseline 0.001 -27"><span class='ocrx_word' id='word_1_129' title='bbox 348 2300 472 2351; x_wconf 89' lang='lat' dir='ltr'>omne</span> <span class='ocrx_word' id='word_1_130' title='bbox 495 2276 609 2353; x_wconf 90' lang='lat' dir='ltr'>solum</span> <span class='ocrx_word' id='word_1_131' title='bbox 633 2279 780 2354; x_wconf 86' lang='lat' dir='ltr'>exilium</span> <span class='ocrx_word' id='word_1_132' title='bbox 804 2281 852 2354; x_wconf 87' lang='lat' dir='ltr'>est</span> <span class='ocrx_word' id='word_1_133' title='bbox 870 2339 878 2355; x_wconf 93' lang='lat'><strong>.</strong></span> <span class='ocrx_word' id='word_1_134' title='bbox 898 2279 954 2354; x_wconf 93' lang='lat' dir='ltr'>cui</span> <span class='ocrx_word' id='word_1_135' title='bbox 982 2306 1054 2353; x_wconf 92' lang='lat' dir='ltr'>non</span> <span class='ocrx_word' id='word_1_136' title='bbox 1081 2296 1199 2378; x_wconf 89' lang='lat' dir='ltr'>pateat</span> <span class='ocrx_word' id='word_1_137' title='bbox 1224 2277 1370 2353; x_wconf 89' lang='lat' dir='ltr'>absurde</span> 
     </span>
     <span class='ocr_line' id='line_1_20' title="bbox 369 2380 1372 2493; baseline 0 -27"><span class='ocrx_word' id='word_1_138' title='bbox 369 2380 439 2466; x_wconf 88' lang='lat' dir='ltr'>dici</span> <span class='ocrx_word' id='word_1_139' title='bbox 456 2391 575 2466; x_wconf 83' lang='lat' dir='ltr'>virum</span> <span class='ocrx_word' id='word_1_140' title='bbox 596 2411 637 2468; x_wconf 92' lang='lat' dir='ltr'>ut</span> <span class='ocrx_word' id='word_1_141' title='bbox 663 2393 733 2493; x_wconf 73' lang='lat' dir='ltr'>ipse</span> <span class='ocrx_word' id='word_1_142' title='bbox 750 2394 837 2468; x_wconf 89' lang='lat' dir='ltr'>dicit</span> <span class='ocrx_word' id='word_1_143' title='bbox 855 2393 1027 2468; x_wconf 74' lang='lat' dir='ltr'>senectute</span> <span class='ocrx_word' id='word_1_144' title='bbox 1044 2394 1183 2467; x_wconf 90' lang='lat' dir='ltr'>aridum</span> <span class='ocrx_word' id='word_1_145' title='bbox 1202 2449 1211 2466; x_wconf 91' lang='lat'><strong>.</strong></span> <span class='ocrx_word' id='word_1_146' title='bbox 1229 2392 1372 2466; x_wconf 89' lang='lat' dir='ltr'>diutur-</span> 
     </span>
     <span class='ocr_line' id='line_1_21' title="bbox 368 2502 1373 2609; baseline -0.002 -31"><span class='ocrx_word' id='word_1_147' title='bbox 368 2503 480 2579; x_wconf 88' lang='lat' dir='ltr'>nitate</span> <span class='ocrx_word' id='word_1_148' title='bbox 497 2505 632 2580; x_wconf 90' lang='lat' dir='ltr'>itineris</span> <span class='ocrx_word' id='word_1_149' title='bbox 655 2507 780 2607; x_wconf 90' lang='lat' dir='ltr'>utique</span> <span class='ocrx_word' id='word_1_150' title='bbox 807 2507 957 2609; x_wconf 77' lang='lat' dir='ltr'>religiosi</span> <span class='ocrx_word' id='word_1_151' title='bbox 982 2505 1226 2581; x_wconf 73' lang='lat' dir='ltr'>confractum.</span> <span class='ocrx_word' id='word_1_152' title='bbox 1247 2502 1373 2578; x_wconf 79' lang='lat' dir='ltr'>natalis</span> 
     </span>
    </p>

    <p class='ocr_par' dir='ltr' id='par_1_6' title="bbox 308 2614 1375 3512">
     <span class='ocr_line' id='line_1_22' title="bbox 308 2614 1373 2718; baseline 0 -29"><span class='ocrx_word' id='word_1_153' title='bbox 308 2713 311 2717; x_wconf 13' lang='lat'>⁸</span> <span class='ocrx_word' id='word_1_154' title='bbox 368 2614 432 2690; x_wconf 92' lang='lat' dir='ltr'>soli</span> <span class='ocrx_word' id='word_1_155' title='bbox 459 2636 500 2693; x_wconf 89' lang='lat' dir='ltr'>ut</span> <span class='ocrx_word' id='word_1_156' title='bbox 525 2619 731 2718; x_wconf 87' lang='lat' dir='ltr'>repatriaret</span> <span class='ocrx_word' id='word_1_157' title='bbox 756 2621 941 2695; x_wconf 87' lang='lat' dir='ltr'>dulcedine</span> <span class='ocrx_word' id='word_1_158' title='bbox 964 2621 1170 2694; x_wconf 77' lang='lat' dir='ltr'>attractum?</span> <span class='ocrx_word' id='word_1_159' title='bbox 1223 2617 1373 2691; x_wconf 87' lang='lat' dir='ltr'>Dicente</span> 
     </span>
     <span class='ocr_line' id='line_1_23' title="bbox 367 2728 1374 2831; baseline 0.001 -30"><span class='ocrx_word' id='word_1_160' title='bbox 367 2728 508 2830; x_wconf 90' lang='lat' dir='ltr'>insuper</span> <span class='ocrx_word' id='word_1_161' title='bbox 527 2733 688 2807; x_wconf 90' lang='lat' dir='ltr'>Domino</span> <span class='ocrx_word' id='word_1_162' title='bbox 704 2736 749 2809; x_wconf 91' lang='lat' dir='ltr'>ad</span> <span class='ocrx_word' id='word_1_163' title='bbox 766 2733 966 2807; x_wconf 87' lang='lat' dir='ltr'>Abraham:</span> <span class='ocrx_word' id='word_1_164' title='bbox 995 2730 1199 2831; x_wconf 83' lang='lat' dir='ltr'>Ingredere¹</span> <span class='ocrx_word' id='word_1_165' title='bbox 1219 2731 1258 2803; x_wconf 82' lang='lat' dir='ltr'>de</span> <span class='ocrx_word' id='word_1_166' title='bbox 1274 2728 1374 2803; x_wconf 80' lang='lat' dir='ltr'>tera²</span> 
     </span>
     <span class='ocr_line' id='line_1_24' title="bbox 347 2831 1374 2947; baseline -0.003 -29"><span class='ocrx_word' id='word_1_167' title='bbox 347 2831 431 2918; x_wconf 28' lang='lat' dir='ltr'>&#39;tua</span> <span class='ocrx_word' id='word_1_168' title='bbox 460 2902 467 2918; x_wconf 94' lang='lat'><strong>.</strong></span> <span class='ocrx_word' id='word_1_169' title='bbox 500 2847 656 2947; x_wconf 84' lang='lat' dir='ltr'>itemque</span> <span class='ocrx_word' id='word_1_170' title='bbox 686 2847 723 2919; x_wconf 91' lang='lat' dir='ltr'>in</span> <span class='ocrx_word' id='word_1_171' title='bbox 751 2845 883 2946; x_wconf 91' lang='lat' dir='ltr'>psalmo</span> <span class='ocrx_word' id='word_1_172' title='bbox 912 2905 920 2921; x_wconf 91' lang='lat'><strong>.</strong></span> <span class='ocrx_word' id='word_1_173' title='bbox 951 2843 1185 2942; x_wconf 78' lang='lat' dir='ltr'>Obliviscere³</span> <span class='ocrx_word' id='word_1_174' title='bbox 1213 2844 1374 2942; x_wconf 82' lang='lat' dir='ltr'>populum</span> 
     </span>
     <span class='ocr_line' id='line_1_25' title="bbox 367 2957 1373 3058; baseline -0.003 -27"><span class='ocrx_word' id='word_1_175' title='bbox 367 2973 464 3032; x_wconf 83' lang='lat' dir='ltr'>tuum</span> <span class='ocrx_word' id='word_1_176' title='bbox 489 2975 522 3032; x_wconf 83' lang='lat' dir='ltr'>et</span> <span class='ocrx_word' id='word_1_177' title='bbox 547 2960 675 3032; x_wconf 83' lang='lat' dir='ltr'>domum</span> <span class='ocrx_word' id='word_1_178' title='bbox 695 2963 815 3058; x_wconf 83' lang='lat' dir='ltr'>patris</span> <span class='ocrx_word' id='word_1_179' title='bbox 839 2963 902 3033; x_wconf 79' lang='lat' dir='ltr'>tui.</span> <span class='ocrx_word' id='word_1_180' title='bbox 955 2961 1074 3056; x_wconf 75' lang='lat' dir='ltr'>Quem</span> <span class='ocrx_word' id='word_1_181' title='bbox 1091 2974 1183 3032; x_wconf 86' lang='lat' dir='ltr'>etate</span> <span class='ocrx_word' id='word_1_182' title='bbox 1201 2957 1373 3030; x_wconf 87' lang='lat' dir='ltr'>minorem</span> 
     </span>
     <span class='ocr_line' id='line_1_26' title="bbox 367 3069 1374 3146; baseline -0.002 -1"><span class='ocrx_word' id='word_1_183' title='bbox 367 3070 476 3145; x_wconf 91' lang='lat' dir='ltr'>animi</span> <span class='ocrx_word' id='word_1_184' title='bbox 502 3072 667 3146; x_wconf 87' lang='lat' dir='ltr'>firmitate</span> <span class='ocrx_word' id='word_1_185' title='bbox 694 3130 702 3146; x_wconf 92' lang='lat'><strong>.</strong></span> <span class='ocrx_word' id='word_1_186' title='bbox 727 3089 762 3146; x_wconf 92' lang='lat' dir='ltr'>et</span> <span class='ocrx_word' id='word_1_187' title='bbox 788 3071 967 3146; x_wconf 73' lang='lat' dir='ltr'>sanctitate</span> <span class='ocrx_word' id='word_1_188' title='bbox 992 3071 1108 3145; x_wconf 89' lang='lat' dir='ltr'>meriti</span> <span class='ocrx_word' id='word_1_189' title='bbox 1135 3128 1144 3144; x_wconf 89' lang='lat'><strong>.</strong></span> <span class='ocrx_word' id='word_1_190' title='bbox 1171 3069 1374 3145; x_wconf 87' lang='lat' dir='ltr'>inferiorem</span> 
     </span>
     <span class='ocr_line' id='line_1_27' title="bbox 368 3184 1375 3285; baseline -0.001 -26"><span class='ocrx_word' id='word_1_191' title='bbox 368 3184 499 3285; x_wconf 86' lang='lat' dir='ltr'>pariter</span> <span class='ocrx_word' id='word_1_192' title='bbox 523 3203 559 3260; x_wconf 92' lang='lat' dir='ltr'>et</span> <span class='ocrx_word' id='word_1_193' title='bbox 586 3184 878 3259; x_wconf 89' lang='lat' dir='ltr'>imbecilliorem.</span> <span class='ocrx_word' id='word_1_194' title='bbox 898 3202 1015 3258; x_wconf 89' lang='lat' dir='ltr'>tenere</span> <span class='ocrx_word' id='word_1_195' title='bbox 1044 3210 1117 3257; x_wconf 90' lang='lat' dir='ltr'>non</span> <span class='ocrx_word' id='word_1_196' title='bbox 1140 3184 1259 3283; x_wconf 90' lang='lat' dir='ltr'>potuit</span> <span class='ocrx_word' id='word_1_197' title='bbox 1282 3200 1375 3258; x_wconf 88' lang='lat' dir='ltr'>terre</span> 
     </span>
     <span class='ocr_line' id='line_1_28' title="bbox 368 3296 1373 3398; baseline -0.004 -26"><span class='ocrx_word' id='word_1_198' title='bbox 368 3296 427 3372; x_wconf 89' lang='lat' dir='ltr'>sue</span> <span class='ocrx_word' id='word_1_199' title='bbox 453 3356 461 3373; x_wconf 91' lang='lat'><strong>.</strong></span> <span class='ocrx_word' id='word_1_200' title='bbox 490 3297 613 3398; x_wconf 90' lang='lat' dir='ltr'>populi</span> <span class='ocrx_word' id='word_1_201' title='bbox 640 3297 690 3371; x_wconf 91' lang='lat' dir='ltr'>sui</span> <span class='ocrx_word' id='word_1_202' title='bbox 716 3356 724 3372; x_wconf 91' lang='lat'><strong>.</strong></span> <span class='ocrx_word' id='word_1_203' title='bbox 749 3296 943 3398; x_wconf 90' lang='lat' dir='ltr'>domusque</span> <span class='ocrx_word' id='word_1_204' title='bbox 974 3313 1117 3395; x_wconf 87' lang='lat' dir='ltr'>paterne</span> <span class='ocrx_word' id='word_1_205' title='bbox 1143 3296 1294 3370; x_wconf 89' lang='lat' dir='ltr'>dulcedo</span> <span class='ocrx_word' id='word_1_206' title='bbox 1311 3311 1373 3368; x_wconf 91' lang='lat' dir='ltr'>aut</span> 
     </span>
     <span class='ocr_line' id='line_1_29' title="bbox 368 3407 1374 3512; baseline -0.004 -27"><span class='ocrx_word' id='word_1_207' title='bbox 368 3411 539 3485; x_wconf 89' lang='lat' dir='ltr'>memoria</span> <span class='ocrx_word' id='word_1_208' title='bbox 572 3413 715 3487; x_wconf 89' lang='lat' dir='ltr'>duceret</span> <span class='ocrx_word' id='word_1_209' title='bbox 738 3411 815 3512; x_wconf 88' lang='lat' dir='ltr'>jam</span> <span class='ocrx_word' id='word_1_210' title='bbox 845 3413 901 3485; x_wconf 86' lang='lat' dir='ltr'>vel</span> <span class='ocrx_word' id='word_1_211' title='bbox 928 3411 1119 3484; x_wconf 87' lang='lat' dir='ltr'>attraheret</span> <span class='ocrx_word' id='word_1_212' title='bbox 1146 3409 1183 3482; x_wconf 93' lang='lat' dir='ltr'>in</span> <span class='ocrx_word' id='word_1_213' title='bbox 1209 3407 1374 3482; x_wconf 91' lang='lat' dir='ltr'>omnibus</span> 
     </span>
    </p>
   </div>
   <div class='ocr_carea' id='block_1_3' title="bbox 368 3610 1372 3914">
    <p class='ocr_par' dir='ltr' id='par_1_7' title="bbox 409 3610 1003 3688">
     <span class='ocr_line' id='line_1_30' title="bbox 409 3610 1003 3688; baseline 0 -18"><span class='ocrx_word' id='word_1_214' title='bbox 409 3611 420 3650; x_wconf 88' lang='lat'>¹</span> <span class='ocrx_word' id='word_1_215' title='bbox 443 3611 551 3682; x_wconf 85' lang='lat' dir='ltr'><strong>H.M.;</strong></span> <span class='ocrx_word' id='word_1_216' title='bbox 573 3611 725 3688; x_wconf 81' lang='lat' dir='ltr'>Egredere,</span> <span class='ocrx_word' id='word_1_217' title='bbox 740 3610 780 3669; x_wconf 91' lang='lat' dir='ltr'>G.</span> <span class='ocrx_word' id='word_1_218' title='bbox 822 3610 898 3669; x_wconf 87' lang='lat' dir='ltr'>Gen.</span> <span class='ocrx_word' id='word_1_219' title='bbox 912 3611 960 3670; x_wconf 89' lang='lat' dir='ltr'>xii.</span> <span class='ocrx_word' id='word_1_220' title='bbox 979 3626 1003 3670; x_wconf 78' lang='grc' dir='ltr'>ι.</span> 
     </span>
    </p>

    <p class='ocr_par' dir='ltr' id='par_1_8' title="bbox 368 3691 1372 3849">
     <span class='ocr_line' id='line_1_31' title="bbox 408 3691 1372 3769; baseline -0.001 -18"><span class='ocrx_word' id='word_1_221' title='bbox 408 3692 504 3763; x_wconf 84' lang='lat' dir='ltr'>²H.;</span> <span class='ocrx_word' id='word_1_222' title='bbox 533 3708 615 3764; x_wconf 81' lang='lat' dir='ltr'>terra,</span> <span class='ocrx_word' id='word_1_223' title='bbox 642 3692 730 3750; x_wconf 90' lang='lat' dir='ltr'><strong>M.G.</strong></span> <span class='ocrx_word' id='word_1_224' title='bbox 783 3692 852 3750; x_wconf 92' lang='lat' dir='ltr'>The</span> <span class='ocrx_word' id='word_1_225' title='bbox 879 3692 946 3751; x_wconf 90' lang='lat' dir='ltr'>MS.</span> <span class='ocrx_word' id='word_1_226' title='bbox 975 3692 1120 3769; x_wconf 82' lang='lat' dir='ltr'>originally</span> <span class='ocrx_word' id='word_1_227' title='bbox 1144 3692 1200 3750; x_wconf 81' lang='lat' dir='ltr'>had</span> <span class='ocrx_word' id='word_1_228' title='bbox 1224 3693 1272 3751; x_wconf 84' lang='lat' dir='ltr'>the</span> <span class='ocrx_word' id='word_1_229' title='bbox 1294 3691 1372 3750; x_wconf 85' lang='lat' dir='ltr'>word</span> 
     </span>
     <span class='ocr_line' id='line_1_32' title="bbox 368 3773 1138 3849; baseline 0 -17"><span class='ocrx_word' id='word_1_230' title='bbox 368 3776 477 3832; x_wconf 67' lang='lat' dir='ltr'>dextera</span> <span class='ocrx_word' id='word_1_231' title='bbox 490 3775 601 3832; x_wconf 87' lang='lat' dir='ltr'>written</span> <span class='ocrx_word' id='word_1_232' title='bbox 617 3774 644 3831; x_wconf 89' lang='lat' dir='ltr'>in</span> <span class='ocrx_word' id='word_1_233' title='bbox 660 3794 746 3843; x_wconf 90' lang='lat' dir='ltr'>error,</span> <span class='ocrx_word' id='word_1_234' title='bbox 761 3774 810 3832; x_wconf 79' lang='lat' dir='ltr'>tlre</span> <span class='ocrx_word' id='word_1_235' title='bbox 823 3793 845 3832; x_wconf 84' lang='lat' dir='ltr'><em>x</em></span> <span class='ocrx_word' id='word_1_236' title='bbox 858 3773 943 3849; x_wconf 78' lang='lat' dir='ltr'>being</span> <span class='ocrx_word' id='word_1_237' title='bbox 956 3792 1019 3832; x_wconf 91' lang='lat' dir='ltr'>now</span> <span class='ocrx_word' id='word_1_238' title='bbox 1034 3773 1138 3833; x_wconf 87' lang='lat' dir='ltr'>crased.</span> 
     </span>
    </p>

    <p class='ocr_par' dir='ltr' id='par_1_9' title="bbox 409 3854 688 3914">
     <span class='ocr_line' id='line_1_33' title="bbox 409 3854 688 3914; baseline -0.007 0"><span class='ocrx_word' id='word_1_239' title='bbox 409 3854 421 3892; x_wconf 82' lang='lat'>³</span> <span class='ocrx_word' id='word_1_240' title='bbox 443 3854 542 3914; x_wconf 84' lang='lat' dir='ltr'>Psalm.</span> <span class='ocrx_word' id='word_1_241' title='bbox 559 3855 623 3913; x_wconf 85' lang='lat' dir='ltr'>xliv.</span> <span class='ocrx_word' id='word_1_242' title='bbox 644 3872 688 3913; x_wconf 83' lang='lat'>11.</span> 
     </span>
    </p>
   </div>
   <div class='ocr_carea' id='block_1_4' title="bbox 0 0 1510 5152">
    <p class='ocr_par' dir='ltr' id='par_1_10' title="bbox 0 0 1510 5152">
     <span class='ocr_line' id='line_1_34' title="bbox 0 0 1510 5152; baseline 0 0"><span class='ocrx_word' id='word_1_243' title='bbox 0 0 1510 5152; x_wconf 95' lang='lat' dir='ltr'> </span> 
     </span>
    </p>
   </div>
  </div>
 </body>
</html>
