2978 5136
236 86 291 170 70
345 156 347 161 ,
441 8 482 25 ”
521 58 611 140 Vita
640 57 805 161 namur
828 1 983 168 Regin(
1081 1 1115 49 ⁵
1172 8 1197 117 .’

136 331 139 335 .
235 289 337 372 cepta
353 271 509 346 divinius
525 271 595 372 ipse
612 272 767 347 vivendo
780 271 934 346 certabat
943 269 1238 371 pocrucexcedere

108 405 110 409 '
181 465 192 480 ,
236 411 345 486 quam
362 386 519 486 implere.
572 388 732 461 Noverat
747 386 843 460 enim
860 385 898 459 id
914 384 1061 486 quidem
1072 371 1238 458 virtutis.

236 500 304 572 hoc
328 498 395 575 effe
420 493 608 574 sanctitatis
626 557 635 574 .
653 498 890 574 inchoacionis
914 498 1025 573 illud:
1051 496 1144 573 istud
1164 521 1241 596 per-

134 704 137 708 >
235 609 406 686 feccionis.
460 612 556 686 Illud
580 636 726 712 quoque
747 611 971 687 neceffarium
993 611 1066 685 'hoc
1082 606 1241 684 censebat

144 809 146 812 y
187 739 191 746 '
235 722 438 825 gloriosum.
490 723 567 801 Hic
584 724 736 825 denique
753 721 933 801 consuium
958 721 1031 798 illic
1051 722 1240 822 imperium
1266 724 1269 729 ’

139 893 141 898 -
235 837 438 913 attendebat
457 894 465 911 .
484 837 672 913 hominum
689 837 818 937 pariter
842 825 989 913 salutem
1009 851 1045 909 et
1069 833 1240 945 gloriam:

42 1032 45 1040 ,
100 940 116 988 .·
235 950 384 1024 zelantis
400 967 436 1024 et
452 950 673 1050 procurantis
695 950 776 1054 Dei.
828 949 916 1024 Non
938 974 1025 1022 vero
1046 948 1242 1023 multuma

234 1064 315 1137 loco
331 1061 392 1161 ubi
409 1087 558 1163 regnum
583 1079 762 1137 terrenum
784 1086 875 1163 pene
897 1062 1082 1137 moriendo
1105 1059 1243 1160 pridem
1261 1151 1263 1155 ,

235 1174 307 1276 ipse
339 1174 507 1250 amiserat.
566 1175 644 1252 Hic
676 1177 774 1249 locus
807 1175 924 1249 aberat
957 1173 1019 1248 ubi
1052 1173 1165 1271 vitam
1199 1171 1242 1245 fic

235 1288 448 1369 instituendo
496 1287 645 1388 degebat
688 1344 697 1362 .
740 1313 921 1389 regnoque
965 1287 1126 1361 celorum
1168 1286 1243 1359 vim

142 1390 145 1395 ⁵
237 1400 396 1476 faciendo
408 1401 497 1475 illud
513 1400 678 1500 rapiebat.
731 1401 808 1474 Hic
830 1426 916 1501 ergo
933 1398 1107 1503 paciencia
1124 1398 1182 1473 hic
1206 1415 1243 1473 et

237 1514 423 1588 clemencia
439 1512 506 1587 viri
524 1515 615 1603 vires
639 1512 715 1588 suaa
735 1514 940 1588 exercebant
959 1531 994 1586 et
1020 1513 1242 1613 perdebant.

238 1627 299 1701 ubi
316 1644 352 1701 et
369 1626 558 1726 preteritus
575 1626 655 1702 suus
664 1627 877 1728 suorumque
889 1625 1004 1731 lapsus
1017 1682 1026 1699 .
1038 1623 1245 1726 presensque

92 1794 95 1799 -
237 1740 388 1814 hostium
414 1738 517 1816 fastus
538 1797 547 1814 .
571 1741 739 1815 memorie
752 1765 901 1815 -necnon
919 1796 929 1813 .
947 1743 983 1813 et
1008 1739 1158 1838 aspectui
1182 1738 1246 1813 suo

135 1868 139 1876 ’
199 1870 201 1875 ’
238 1878 312 1953 quo
346 1850 568 1952 frequencius
601 1852 825 1956 ingerebatur
859 1908 869 1927 .
903 1877 947 1926 eo
979 1851 1168 1960 benignius
1199 1853 1246 1929 ad

237 1964 461 2040 retribuenda
486 1964 760 2040 retribuentibus
789 1965 858 2040 srbi'
883 1990 956 2039 non
977 1967 1082 2040 mala
1110 1964 1161 2040 set
1187 1966 1253 2067 pie

161 2186 164 2191 ι
237 2078 484 2152 interceffionis
500 2079 617 2178 ampla
633 2071 798 2152 beneficia
814 2077 1043 2153 incitabatur⁸⁴
1170 2185 1173 2188 Ι
1194 2107 1198 2113 ·
