<?xml version="1.0" encoding="UTF-8"?>
<!DOCTYPE html PUBLIC "-//W3C//DTD XHTML 1.0 Transitional//EN"
    "http://www.w3.org/TR/xhtml1/DTD/xhtml1-transitional.dtd">
<html xmlns="http://www.w3.org/1999/xhtml" xml:lang="en" lang="en">
 <head>
  <title>
</title>
<meta http-equiv="Content-Type" content="text/html;charset=utf-8" />
  <meta name='ocr-system' content='tesseract 3.04.00' />
  <meta name='ocr-capabilities' content='ocr_page ocr_carea ocr_par ocr_line ocrx_word'/>
</head>
<body>
  <div class='ocr_page' id='page_1' title='image "./vitaharoldiroma00musegoog_0047.png"; bbox 0 0 3000 5152; ppageno 0'>
   <div class='ocr_carea' id='block_1_1' title="bbox 401 287 1119 398">
    <p class='ocr_par' dir='ltr' id='par_1_1' title="bbox 401 287 1119 398">
     <span class='ocr_line' id='line_1_1' title="bbox 401 287 1119 398; baseline 0.003 -30"><span class='ocrx_word' id='word_1_1' title='bbox 401 310 454 391; x_wconf 85' lang='lat'>24</span> <span class='ocrx_word' id='word_1_2' title='bbox 683 287 772 369; x_wconf 83' lang='lat' dir='ltr'>Vita</span> <span class='ocrx_word' id='word_1_3' title='bbox 802 288 968 373; x_wconf 83' lang='lat' dir='ltr'>Haroldi</span> <span class='ocrx_word' id='word_1_4' title='bbox 991 288 1119 398; x_wconf 85' lang='lat' dir='ltr'>Regis.</span> 
     </span>
    </p>
   </div>
   <div class='ocr_carea' id='block_1_2' title="bbox 324 491 1406 2040">
    <p class='ocr_par' dir='ltr' id='par_1_2' title="bbox 324 491 1406 2040">
     <span class='ocr_line' id='line_1_2' title="bbox 397 491 1406 594; baseline 0.002 -30"><span class='ocrx_word' id='word_1_5' title='bbox 397 494 477 587; x_wconf 90' lang='lat' dir='ltr'>Jam</span> <span class='ocrx_word' id='word_1_6' title='bbox 505 493 528 564; x_wconf 86' lang='lat' dir='ltr'>fi</span> <span class='ocrx_word' id='word_1_7' title='bbox 557 492 782 592; x_wconf 89' lang='lat' dir='ltr'>temptemus¹</span> <span class='ocrx_word' id='word_1_8' title='bbox 810 493 902 567; x_wconf 79' lang='lat' dir='ltr'>stilo²</span> <span class='ocrx_word' id='word_1_9' title='bbox 926 495 1084 568; x_wconf 75' lang='lat' dir='ltr'>evolvam</span> <span class='ocrx_word' id='word_1_10' title='bbox 1114 510 1202 594; x_wconf 92' lang='lat' dir='ltr'>quot</span> <span class='ocrx_word' id='word_1_11' title='bbox 1235 491 1406 568; x_wconf 74' lang='lat' dir='ltr'>donariis⁸</span> 
     </span>
     <span class='ocr_line' id='line_1_3' title="bbox 399 607 1405 706; baseline 0.003 -29"><span class='ocrx_word' id='word_1_12' title='bbox 399 632 506 706; x_wconf 89' lang='lat' dir='ltr'>quam</span> <span class='ocrx_word' id='word_1_13' title='bbox 523 607 680 704; x_wconf 77' lang='lat' dir='ltr'>preciosis</span> <span class='ocrx_word' id='word_1_14' title='bbox 704 624 740 679; x_wconf 87' lang='lat' dir='ltr'>et</span> <span class='ocrx_word' id='word_1_15' title='bbox 757 607 1008 706; x_wconf 82' lang='lat' dir='ltr'>multiplicibus</span> <span class='ocrx_word' id='word_1_16' title='bbox 1030 608 1115 681; x_wconf 80' lang='lat' dir='ltr'>vasis</span> <span class='ocrx_word' id='word_1_17' title='bbox 1138 625 1174 680; x_wconf 87' lang='lat' dir='ltr'>et</span> <span class='ocrx_word' id='word_1_18' title='bbox 1191 607 1405 680; x_wconf 86' lang='lat' dir='ltr'>ornamentis</span> 
     </span>
     <span class='ocr_line' id='line_1_4' title="bbox 397 717 1404 795; baseline 0.001 -4"><span class='ocrx_word' id='word_1_19' title='bbox 397 719 494 791; x_wconf 88' lang='lat' dir='ltr'>vario</span> <span class='ocrx_word' id='word_1_20' title='bbox 528 717 726 792; x_wconf 71' lang='lat' dir='ltr'>instructam</span> <span class='ocrx_word' id='word_1_21' title='bbox 760 721 884 794; x_wconf 86' lang='lat' dir='ltr'>decore</span> <span class='ocrx_word' id='word_1_22' title='bbox 918 721 1013 794; x_wconf 90' lang='lat' dir='ltr'>illam</span> <span class='ocrx_word' id='word_1_23' title='bbox 1043 722 1143 795; x_wconf 90' lang='lat' dir='ltr'>edem</span> <span class='ocrx_word' id='word_1_24' title='bbox 1177 720 1404 794; x_wconf 89' lang='lat' dir='ltr'>Dominicam</span> 
     </span>
     <span class='ocr_line' id='line_1_5' title="bbox 397 830 1404 933; baseline 0.003 -29"><span class='ocrx_word' id='word_1_25' title='bbox 397 830 633 906; x_wconf 81' lang='lat' dir='ltr'>nobilitaverit</span> <span class='ocrx_word' id='word_1_26' title='bbox 668 889 678 906; x_wconf 92' lang='lat'><strong>.</strong></span> <span class='ocrx_word' id='word_1_27' title='bbox 713 832 820 907; x_wconf 86' lang='lat' dir='ltr'>fidem</span> <span class='ocrx_word' id='word_1_28' title='bbox 853 831 1040 909; x_wconf 76' lang='lat' dir='ltr'>scribendis</span> <span class='ocrx_word' id='word_1_29' title='bbox 1072 831 1185 907; x_wconf 77' lang='lat' dir='ltr'>forsan</span> <span class='ocrx_word' id='word_1_30' title='bbox 1220 832 1404 933; x_wconf 84' lang='lat' dir='ltr'>derogabit</span> 
     </span>
     <span class='ocr_line' id='line_1_6' title="bbox 396 944 1405 1021; baseline 0.001 -3"><span class='ocrx_word' id='word_1_31' title='bbox 396 962 572 1019; x_wconf 88' lang='lat' dir='ltr'>tantarum</span> <span class='ocrx_word' id='word_1_32' title='bbox 602 970 719 1019; x_wconf 88' lang='lat' dir='ltr'>rerum</span> <span class='ocrx_word' id='word_1_33' title='bbox 752 946 956 1021; x_wconf 90' lang='lat' dir='ltr'>multitudo.</span> <span class='ocrx_word' id='word_1_34' title='bbox 1008 948 1142 1020; x_wconf 85' lang='lat' dir='ltr'>Verum</span> <span class='ocrx_word' id='word_1_35' title='bbox 1176 972 1219 1020; x_wconf 91' lang='lat' dir='ltr'>ne</span> <span class='ocrx_word' id='word_1_36' title='bbox 1244 944 1405 1021; x_wconf 79' lang='lat' dir='ltr'>sundims</span> 
     </span>
     <span class='ocr_line' id='line_1_7' title="bbox 396 1059 1406 1159; baseline 0.001 -26"><span class='ocrx_word' id='word_1_37' title='bbox 396 1059 452 1133; x_wconf 77' lang='lat' dir='ltr'>vel</span> <span class='ocrx_word' id='word_1_38' title='bbox 486 1059 523 1131; x_wconf 88' lang='lat' dir='ltr'>in</span> <span class='ocrx_word' id='word_1_39' title='bbox 563 1059 626 1132; x_wconf 89' lang='lat' dir='ltr'>hac</span> <span class='ocrx_word' id='word_1_40' title='bbox 660 1076 757 1157; x_wconf 85' lang='lat' dir='ltr'>parte</span> <span class='ocrx_word' id='word_1_41' title='bbox 799 1060 1058 1159; x_wconf 82' lang='lat' dir='ltr'>magnificencie</span> <span class='ocrx_word' id='word_1_42' title='bbox 1101 1060 1193 1134; x_wconf 85' lang='lat' dir='ltr'>illius</span> <span class='ocrx_word' id='word_1_43' title='bbox 1234 1060 1406 1134; x_wconf 87' lang='lat' dir='ltr'>memoria</span> 
     </span>
     <span class='ocr_line' id='line_1_8' title="bbox 397 1171 1405 1272; baseline 0 -25"><span class='ocrx_word' id='word_1_44' title='bbox 397 1173 552 1247; x_wconf 87' lang='lat' dir='ltr'>deleatur</span> <span class='ocrx_word' id='word_1_45' title='bbox 568 1173 614 1247; x_wconf 89' lang='lat' dir='ltr'>ad</span> <span class='ocrx_word' id='word_1_46' title='bbox 630 1174 728 1272; x_wconf 90' lang='lat' dir='ltr'>quod</span> <span class='ocrx_word' id='word_1_47' title='bbox 744 1190 862 1246; x_wconf 86' lang='lat' dir='ltr'>tamen</span> <span class='ocrx_word' id='word_1_48' title='bbox 881 1173 973 1247; x_wconf 91' lang='lat' dir='ltr'>livor</span> <span class='ocrx_word' id='word_1_49' title='bbox 988 1173 1232 1249; x_wconf 82' lang='lat' dir='ltr'>vehementius</span> <span class='ocrx_word' id='word_1_50' title='bbox 1248 1171 1405 1272; x_wconf 80' lang='lat' dir='ltr'>aspirasse</span> 
     </span>
     <span class='ocr_line' id='line_1_9' title="bbox 398 1282 1405 1386; baseline 0.003 -29"><span class='ocrx_word' id='word_1_51' title='bbox 398 1282 638 1384; x_wconf 73' lang='lat' dir='ltr'>cognoscitu:</span> <span class='ocrx_word' id='word_1_52' title='bbox 673 1310 777 1384; x_wconf 90' lang='lat' dir='ltr'>opere</span> <span class='ocrx_word' id='word_1_53' title='bbox 806 1286 962 1385; x_wconf 87' lang='lat' dir='ltr'>precium</span> <span class='ocrx_word' id='word_1_54' title='bbox 991 1286 1040 1360; x_wconf 87' lang='lat' dir='ltr'>est</span> <span class='ocrx_word' id='word_1_55' title='bbox 1073 1312 1140 1386; x_wconf 89' lang='lat' dir='ltr'>pro</span> <span class='ocrx_word' id='word_1_56' title='bbox 1172 1286 1240 1360; x_wconf 79' lang='lat' dir='ltr'>zeli</span> <span class='ocrx_word' id='word_1_57' title='bbox 1269 1284 1405 1360; x_wconf 78' lang='lat' dir='ltr'>fervore</span> 
     </span>
     <span class='ocr_line' id='line_1_10' title="bbox 398 1396 1406 1499; baseline 0.003 -29"><span class='ocrx_word' id='word_1_58' title='bbox 398 1397 511 1471; x_wconf 91' lang='lat' dir='ltr'>obniti</span> <span class='ocrx_word' id='word_1_59' title='bbox 542 1454 551 1471; x_wconf 92' lang='lat'><strong>.</strong></span> <span class='ocrx_word' id='word_1_60' title='bbox 580 1415 725 1472; x_wconf 89' lang='lat' dir='ltr'>etcum</span> <span class='ocrx_word' id='word_1_61' title='bbox 754 1396 897 1498; x_wconf 77' lang='lat' dir='ltr'>species⁴</span> <span class='ocrx_word' id='word_1_62' title='bbox 925 1397 996 1499; x_wconf 92' lang='lat' dir='ltr'>ipse</span> <span class='ocrx_word' id='word_1_63' title='bbox 1025 1425 1142 1474; x_wconf 88' lang='lat' dir='ltr'>rerum</span> <span class='ocrx_word' id='word_1_64' title='bbox 1169 1398 1300 1474; x_wconf 85' lang='lat' dir='ltr'>sublate</span> <span class='ocrx_word' id='word_1_65' title='bbox 1325 1397 1406 1473; x_wconf 86' lang='lat' dir='ltr'>sunt</span> 
     </span>
     <span class='ocr_line' id='line_1_11' title="bbox 397 1507 1406 1612; baseline 0.002 -28"><span class='ocrx_word' id='word_1_66' title='bbox 397 1509 563 1610; x_wconf 87' lang='lat' dir='ltr'>quasdam</span> <span class='ocrx_word' id='word_1_67' title='bbox 584 1512 682 1585; x_wconf 84' lang='lat' dir='ltr'>velut</span> <span class='ocrx_word' id='word_1_68' title='bbox 707 1507 848 1586; x_wconf 75' lang='lat' dir='ltr'>umbr&#39;as</span> <span class='ocrx_word' id='word_1_69' title='bbox 873 1510 1024 1612; x_wconf 90' lang='lat' dir='ltr'>ipsarum</span> <span class='ocrx_word' id='word_1_70' title='bbox 1049 1513 1258 1588; x_wconf 81' lang='lat' dir='ltr'>considerare</span> <span class='ocrx_word' id='word_1_71' title='bbox 1282 1513 1406 1587; x_wconf 86' lang='lat' dir='ltr'>volen-</span> 
     </span>
     <span class='ocr_line' id='line_1_12' title="bbox 397 1623 1405 1726; baseline 0.004 -30"><span class='ocrx_word' id='word_1_72' title='bbox 397 1623 492 1697; x_wconf 79' lang='lat' dir='ltr'>tibus</span> <span class='ocrx_word' id='word_1_73' title='bbox 521 1625 692 1699; x_wconf 88' lang='lat' dir='ltr'>intimare.</span> <span class='ocrx_word' id='word_1_74' title='bbox 745 1626 920 1701; x_wconf 89' lang='lat' dir='ltr'>Indicium</span> <span class='ocrx_word' id='word_1_75' title='bbox 946 1626 1093 1726; x_wconf 89' lang='lat' dir='ltr'>proinde</span> <span class='ocrx_word' id='word_1_76' title='bbox 1122 1651 1239 1700; x_wconf 83' lang='lat' dir='ltr'>rerum</span> <span class='ocrx_word' id='word_1_77' title='bbox 1266 1625 1405 1700; x_wconf 81' lang='lat' dir='ltr'>illarum</span> 
     </span>
     <span class='ocr_line' id='line_1_13' title="bbox 398 1737 1405 1840; baseline 0.003 -31"><span class='ocrx_word' id='word_1_78' title='bbox 398 1760 468 1834; x_wconf 86' lang='lat' dir='ltr'>que</span> <span class='ocrx_word' id='word_1_79' title='bbox 492 1761 513 1809; x_wconf 91' lang='lat' dir='ltr'>a</span> <span class='ocrx_word' id='word_1_80' title='bbox 537 1737 653 1836; x_wconf 92' lang='lat' dir='ltr'>primo</span> <span class='ocrx_word' id='word_1_81' title='bbox 678 1738 909 1813; x_wconf 85' lang='lat' dir='ltr'>Normannici</span> <span class='ocrx_word' id='word_1_82' title='bbox 935 1738 1071 1840; x_wconf 83' lang='lat' dir='ltr'>generis</span> <span class='ocrx_word' id='word_1_83' title='bbox 1095 1740 1297 1839; x_wconf 79' lang='lat' dir='ltr'>Anglorum</span> <span class='ocrx_word' id='word_1_84' title='bbox 1322 1764 1405 1840; x_wconf 88' lang='lat' dir='ltr'>rege</span> 
     </span>
     <span class='ocr_line' id='line_1_14' title="bbox 398 1849 1405 1928; baseline 0.005 -7"><span class='ocrx_word' id='word_1_85' title='bbox 398 1849 581 1923; x_wconf 83' lang='lat' dir='ltr'>Willelmo</span> <span class='ocrx_word' id='word_1_86' title='bbox 609 1851 647 1924; x_wconf 92' lang='lat' dir='ltr'>in</span> <span class='ocrx_word' id='word_1_87' title='bbox 676 1850 830 1927; x_wconf 88' lang='lat' dir='ltr'>Haroldi</span> <span class='ocrx_word' id='word_1_88' title='bbox 857 1869 898 1926; x_wconf 90' lang='lat' dir='ltr'>ut</span> <span class='ocrx_word' id='word_1_89' title='bbox 921 1853 1072 1928; x_wconf 85' lang='lat' dir='ltr'>traditur</span> <span class='ocrx_word' id='word_1_90' title='bbox 1096 1853 1265 1928; x_wconf 90' lang='lat' dir='ltr'>invidiam</span> <span class='ocrx_word' id='word_1_91' title='bbox 1290 1849 1405 1926; x_wconf 73' lang='lat' dir='ltr'>sancte</span> 
     </span>
     <span class='ocr_line' id='line_1_15' title="bbox 324 1955 1404 2040; baseline 0.005 -5"><span class='ocrx_word' id='word_1_92' title='bbox 324 1955 330 1968; x_wconf 79' lang='grc'><strong>’</strong></span> <span class='ocrx_word' id='word_1_93' title='bbox 399 1962 456 2036; x_wconf 90' lang='lat' dir='ltr'>sue</span> <span class='ocrx_word' id='word_1_94' title='bbox 474 1963 584 2036; x_wconf 84' lang='lat' dir='ltr'>crucis</span> <span class='ocrx_word' id='word_1_95' title='bbox 600 1964 734 2038; x_wconf 81' lang='lat' dir='ltr'>ecclesie</span> <span class='ocrx_word' id='word_1_96' title='bbox 750 1965 920 2039; x_wconf 90' lang='lat' dir='ltr'>violenter</span> <span class='ocrx_word' id='word_1_97' title='bbox 936 1965 1049 2040; x_wconf 86' lang='lat' dir='ltr'>ablate</span> <span class='ocrx_word' id='word_1_98' title='bbox 1067 2023 1076 2040; x_wconf 91' lang='lat'><strong>.</strong></span> <span class='ocrx_word' id='word_1_99' title='bbox 1094 1981 1130 2040; x_wconf 89' lang='lat' dir='ltr'>et</span> <span class='ocrx_word' id='word_1_100' title='bbox 1148 1966 1185 2039; x_wconf 89' lang='lat' dir='ltr'>in</span> <span class='ocrx_word' id='word_1_101' title='bbox 1203 1963 1404 2040; x_wconf 85' lang='lat' dir='ltr'>Neustriam</span> 
     </span>
    </p>
   </div>
   <div class='ocr_carea' id='block_1_3' title="bbox 243 2075 1404 2291">
    <p class='ocr_par' dir='ltr' id='par_1_3' title="bbox 243 2075 1404 2291">
     <span class='ocr_line' id='line_1_16' title="bbox 397 2075 1401 2179; baseline 0.003 -30"><span class='ocrx_word' id='word_1_102' title='bbox 397 2077 555 2149; x_wconf 86' lang='lat' dir='ltr'>transsate</span> <span class='ocrx_word' id='word_1_103' title='bbox 572 2075 669 2152; x_wconf 86' lang='lat' dir='ltr'>sunt:</span> <span class='ocrx_word' id='word_1_104' title='bbox 696 2075 843 2176; x_wconf 91' lang='lat' dir='ltr'>presenti</span> <span class='ocrx_word' id='word_1_105' title='bbox 853 2079 1018 2153; x_wconf 77' lang='lat' dir='ltr'>duximus</span> <span class='ocrx_word' id='word_1_106' title='bbox 1031 2079 1157 2179; x_wconf 86' lang='lat' dir='ltr'>pagine</span> <span class='ocrx_word' id='word_1_107' title='bbox 1170 2075 1401 2153; x_wconf 88' lang='lat' dir='ltr'>inserendum.</span> 
     </span>
     <span class='ocr_line' id='line_1_17' title="bbox 243 2186 1404 2291; baseline 0.004 -31"><span class='ocrx_word' id='word_1_108' title='bbox 243 2186 331 2238; x_wconf 61' lang='grc' dir='ltr'>ΝΜ</span> <span class='ocrx_word' id='word_1_109' title='bbox 400 2188 592 2262; x_wconf 89' lang='lat' dir='ltr'>Transtulit</span> <span class='ocrx_word' id='word_1_110' title='bbox 615 2190 711 2264; x_wconf 90' lang='lat' dir='ltr'>enim</span> <span class='ocrx_word' id='word_1_111' title='bbox 736 2209 776 2264; x_wconf 90' lang='lat' dir='ltr'>ut</span> <span class='ocrx_word' id='word_1_112' title='bbox 800 2191 930 2291; x_wconf 87' lang='lat' dir='ltr'>legitur</span> <span class='ocrx_word' id='word_1_113' title='bbox 953 2192 1048 2266; x_wconf 90' lang='lat' dir='ltr'>idem</span> <span class='ocrx_word' id='word_1_114' title='bbox 1073 2217 1135 2265; x_wconf 85' lang='lat' dir='ltr'>rex</span> <span class='ocrx_word' id='word_1_115' title='bbox 1159 2192 1204 2267; x_wconf 89' lang='lat' dir='ltr'>de</span> <span class='ocrx_word' id='word_1_116' title='bbox 1220 2191 1404 2265; x_wconf 81' lang='lat' dir='ltr'>Waltham</span> 
     </span>
    </p>
   </div>
   <div class='ocr_carea' id='block_1_4' title="bbox 184 2246 354 2307">
    <p class='ocr_par' dir='ltr' id='par_1_4' title="bbox 184 2246 354 2307">
     <span class='ocr_line' id='line_1_18' title="bbox 184 2246 354 2307; baseline 0.012 -12"><span class='ocrx_word' id='word_1_117' title='bbox 184 2246 354 2307; x_wconf 76' lang='lat' dir='ltr'>Summc.vl.</span> 
     </span>
    </p>
   </div>
   <div class='ocr_carea' id='block_1_5' title="bbox 185 2298 1404 2425">
    <p class='ocr_par' dir='ltr' id='par_1_5' title="bbox 185 2298 1404 2425">
     <span class='ocr_line' id='line_1_19' title="bbox 185 2298 1404 2425; baseline -0.003 -40"><span class='ocrx_word' id='word_1_118' title='bbox 185 2298 385 2425; x_wconf 44' lang='lat' dir='ltr'>diffini·</span> <span class='ocrx_word' id='word_1_119' title='bbox 399 2305 436 2379; x_wconf 91' lang='lat' dir='ltr'>in</span> <span class='ocrx_word' id='word_1_120' title='bbox 463 2306 719 2380; x_wconf 89' lang='lat' dir='ltr'>Normanniam</span> <span class='ocrx_word' id='word_1_121' title='bbox 746 2305 876 2406; x_wconf 89' lang='lat' dir='ltr'>septem</span> <span class='ocrx_word' id='word_1_122' title='bbox 903 2306 1024 2381; x_wconf 86' lang='lat' dir='ltr'>scrinia</span> <span class='ocrx_word' id='word_1_123' title='bbox 1049 2364 1058 2381; x_wconf 91' lang='lat'><strong>.</strong></span> <span class='ocrx_word' id='word_1_124' title='bbox 1085 2307 1146 2381; x_wconf 92' lang='lat' dir='ltr'>ubi</span> <span class='ocrx_word' id='word_1_125' title='bbox 1173 2308 1240 2382; x_wconf 91' lang='lat' dir='ltr'>tria</span> <span class='ocrx_word' id='word_1_126' title='bbox 1262 2305 1404 2382; x_wconf 71' lang='lat' dir='ltr'>nerunt</span> 
     </span>
    </p>
   </div>
   <div class='ocr_carea' id='block_1_6' title="bbox 181 2416 1490 2543">
    <p class='ocr_par' dir='ltr' id='par_1_6' title="bbox 181 2416 1490 2543">
     <span class='ocr_line' id='line_1_20' title="bbox 181 2416 1490 2543; baseline 0.006 -54"><span class='ocrx_word' id='word_1_127' title='bbox 181 2426 257 2531; x_wconf 50' lang='lat' dir='ltr'>{ff}</span> <span class='ocrx_word' id='word_1_128' title='bbox 246 2425 388 2543; x_wconf 51' lang='lat' dir='ltr'>msffi</span> <span class='ocrx_word' id='word_1_129' title='bbox 398 2446 500 2494; x_wconf 87' lang='lat' dir='ltr'>aurea</span> <span class='ocrx_word' id='word_1_130' title='bbox 524 2437 560 2494; x_wconf 91' lang='lat' dir='ltr'>et</span> <span class='ocrx_word' id='word_1_131' title='bbox 585 2438 737 2521; x_wconf 91' lang='lat' dir='ltr'>quatuor</span> <span class='ocrx_word' id='word_1_132' title='bbox 761 2438 923 2522; x_wconf 79' lang='lat' dir='ltr'>argentea</span> <span class='ocrx_word' id='word_1_133' title='bbox 947 2421 1129 2497; x_wconf 81' lang='lat' dir='ltr'>deaurata:</span> <span class='ocrx_word' id='word_1_134' title='bbox 1156 2447 1238 2496; x_wconf 89' lang='lat' dir='ltr'>curn</span> <span class='ocrx_word' id='word_1_135' title='bbox 1254 2422 1405 2522; x_wconf 80' lang='lat' dir='ltr'>gemmis</span> <span class='ocrx_word' id='word_1_136' title='bbox 1487 2416 1490 2421; x_wconf 64' lang='grc'>’</span> 
     </span>
    </p>
   </div>
   <div class='ocr_carea' id='block_1_7' title="bbox 184 2534 1407 2651">
    <p class='ocr_par' dir='ltr' id='par_1_7' title="bbox 184 2534 1407 2651">
     <span class='ocr_line' id='line_1_21' title="bbox 184 2534 1407 2651; baseline 0.005 -48"><span class='ocrx_word' id='word_1_137' title='bbox 184 2544 387 2651; x_wconf 44' lang='lat' dir='ltr'>{mamb</span> <span class='ocrx_word' id='word_1_138' title='bbox 399 2534 556 2633; x_wconf 80' lang='lat' dir='ltr'>preciosis</span> <span class='ocrx_word' id='word_1_139' title='bbox 572 2534 674 2632; x_wconf 87' lang='lat' dir='ltr'>plena</span> <span class='ocrx_word' id='word_1_140' title='bbox 698 2535 950 2634; x_wconf 82' lang='lat' dir='ltr'>reliquiarum.</span> <span class='ocrx_word' id='word_1_141' title='bbox 970 2537 1133 2632; x_wconf 76' lang='lat' dir='ltr'>Quatuor</span> <span class='ocrx_word' id='word_1_142' title='bbox 1157 2552 1293 2610; x_wconf 69' lang='lat' dir='ltr'>textum</span> <span class='ocrx_word' id='word_1_143' title='bbox 1319 2560 1407 2609; x_wconf 90' lang='lat' dir='ltr'>auro</span> 
     </span>
    </p>
   </div>
   <div class='ocr_carea' id='block_1_8' title="bbox 184 2644 1407 2768">
    <p class='ocr_par' dir='ltr' id='par_1_8' title="bbox 184 2644 1407 2768">
     <span class='ocr_line' id='line_1_22' title="bbox 184 2644 1407 2768; baseline 0.004 -52"><span class='ocrx_word' id='word_1_144' title='bbox 184 2661 378 2768; x_wconf 49' lang='lat' dir='ltr'>min-pojo</span> <span class='ocrx_word' id='word_1_145' title='bbox 400 2663 545 2746; x_wconf 89' lang='lat' dir='ltr'>argento</span> <span class='ocrx_word' id='word_1_146' title='bbox 572 2703 580 2719; x_wconf 94' lang='lat'><strong>.</strong></span> <span class='ocrx_word' id='word_1_147' title='bbox 608 2644 839 2746; x_wconf 76' lang='lat' dir='ltr'>gemmisque⁶</span> <span class='ocrx_word' id='word_1_148' title='bbox 864 2665 1038 2722; x_wconf 87' lang='lat' dir='ltr'>ornatos.</span> <span class='ocrx_word' id='word_1_149' title='bbox 1063 2649 1228 2745; x_wconf 77' lang='lat' dir='ltr'>Quatuor</span> <span class='ocrx_word' id='word_1_150' title='bbox 1252 2647 1407 2722; x_wconf 84' lang='lat' dir='ltr'>turibula</span> 
     </span>
    </p>
   </div>
   <div class='ocr_carea' id='block_1_9' title="bbox 185 2761 1405 2862">
    <p class='ocr_par' dir='ltr' id='par_1_9' title="bbox 185 2761 1405 2862">
     <span class='ocr_line' id='line_1_23' title="bbox 185 2761 1405 2862; baseline 0.007 -35"><span class='ocrx_word' id='word_1_151' title='bbox 185 2780 306 2828; x_wconf 67' lang='lat' dir='ltr'>mutnus</span> <span class='ocrx_word' id='word_1_152' title='bbox 315 2780 376 2829; x_wconf 78' lang='lat' dir='ltr'>nm</span> <span class='ocrx_word' id='word_1_153' title='bbox 400 2786 544 2860; x_wconf 77' lang='lat' dir='ltr'>magna:</span> <span class='ocrx_word' id='word_1_154' title='bbox 579 2785 681 2834; x_wconf 87' lang='lat' dir='ltr'>aurea</span> <span class='ocrx_word' id='word_1_155' title='bbox 715 2776 820 2859; x_wconf 86' lang='lat' dir='ltr'>atque</span> <span class='ocrx_word' id='word_1_156' title='bbox 853 2776 1052 2862; x_wconf 88' lang='lat' dir='ltr'>argentea.</span> <span class='ocrx_word' id='word_1_157' title='bbox 1084 2762 1150 2835; x_wconf 84' lang='lat' dir='ltr'>Sex</span> <span class='ocrx_word' id='word_1_158' title='bbox 1166 2761 1405 2839; x_wconf 79' lang='lat' dir='ltr'>candelabra:</span> 
     </span>
    </p>
   </div>
   <div class='ocr_carea' id='block_1_10' title="bbox 184 2839 1407 2975">
    <p class='ocr_par' dir='ltr' id='par_1_10' title="bbox 184 2839 1407 2975">
     <span class='ocr_line' id='line_1_24' title="bbox 184 2839 1407 2975; baseline 0.003 -30"><span class='ocrx_word' id='word_1_159' title='bbox 184 2839 274 2890; x_wconf 55' lang='grc' dir='ltr'>’ω’</span> <span class='ocrx_word' id='word_1_160' title='bbox 398 2898 550 2973; x_wconf 88' lang='lat' dir='ltr'>quorum</span> <span class='ocrx_word' id='word_1_161' title='bbox 576 2874 650 2947; x_wconf 92' lang='lat' dir='ltr'>duo</span> <span class='ocrx_word' id='word_1_162' title='bbox 672 2899 773 2947; x_wconf 89' lang='lat' dir='ltr'>aurea</span> <span class='ocrx_word' id='word_1_163' title='bbox 801 2890 913 2947; x_wconf 89' lang='lat' dir='ltr'>cetera</span> <span class='ocrx_word' id='word_1_164' title='bbox 938 2892 1102 2975; x_wconf 88' lang='lat' dir='ltr'>argentea</span> <span class='ocrx_word' id='word_1_165' title='bbox 1128 2931 1138 2950; x_wconf 88' lang='lat'><strong>.</strong></span> <span class='ocrx_word' id='word_1_166' title='bbox 1169 2875 1260 2948; x_wconf 73' lang='lat' dir='ltr'>Troe</span> <span class='ocrx_word' id='word_1_167' title='bbox 1283 2899 1407 2949; x_wconf 72' lang='lat' dir='ltr'>urceos</span> 
     </span>
    </p>
   </div>
   <div class='ocr_carea' id='block_1_11' title="bbox 398 2987 1478 3654">
    <p class='ocr_par' dir='ltr' id='par_1_11' title="bbox 398 2987 1478 3654">
     <span class='ocr_line' id='line_1_25' title="bbox 399 2987 1404 3088; baseline 0.004 -29"><span class='ocrx_word' id='word_1_168' title='bbox 399 3011 546 3085; x_wconf 88' lang='lat' dir='ltr'>magnos</span> <span class='ocrx_word' id='word_1_169' title='bbox 558 3011 602 3059; x_wconf 85' lang='lat' dir='ltr'>ex</span> <span class='ocrx_word' id='word_1_170' title='bbox 618 2987 732 3060; x_wconf 88' lang='lat' dir='ltr'>Greco</span> <span class='ocrx_word' id='word_1_171' title='bbox 745 3012 868 3085; x_wconf 71' lang='lat' dir='ltr'>operer</span> <span class='ocrx_word' id='word_1_172' title='bbox 894 3004 1076 3087; x_wconf 83' lang='lat' dir='ltr'>argenteos</span> <span class='ocrx_word' id='word_1_173' title='bbox 1093 3004 1198 3088; x_wconf 89' lang='lat' dir='ltr'>atque</span> <span class='ocrx_word' id='word_1_174' title='bbox 1210 2988 1404 3063; x_wconf 75' lang='lat' dir='ltr'>deauratos.</span> 
     </span>
     <span class='ocr_line' id='line_1_26' title="bbox 399 3100 1405 3202; baseline 0.006 -31"><span class='ocrx_word' id='word_1_175' title='bbox 399 3100 563 3196; x_wconf 78' lang='lat' dir='ltr'>Quatuor</span> <span class='ocrx_word' id='word_1_176' title='bbox 592 3123 708 3172; x_wconf 90' lang='lat' dir='ltr'>cruces</span> <span class='ocrx_word' id='word_1_177' title='bbox 742 3126 827 3174; x_wconf 91' lang='lat' dir='ltr'>auro</span> <span class='ocrx_word' id='word_1_178' title='bbox 853 3117 959 3200; x_wconf 87' lang='lat' dir='ltr'>atque</span> <span class='ocrx_word' id='word_1_179' title='bbox 992 3117 1138 3202; x_wconf 88' lang='lat' dir='ltr'>argento</span> <span class='ocrx_word' id='word_1_180' title='bbox 1164 3117 1200 3175; x_wconf 88' lang='lat' dir='ltr'>et</span> <span class='ocrx_word' id='word_1_181' title='bbox 1233 3102 1405 3201; x_wconf 74' lang='lat' dir='ltr'>gemmisz</span> 
     </span>
     <span class='ocr_line' id='line_1_27' title="bbox 400 3211 1406 3315; baseline 0.004 -31"><span class='ocrx_word' id='word_1_182' title='bbox 400 3211 578 3284; x_wconf 79' lang='lat' dir='ltr'>fabricatas</span> <span class='ocrx_word' id='word_1_183' title='bbox 605 3268 613 3284; x_wconf 94' lang='lat'><strong>.</strong></span> <span class='ocrx_word' id='word_1_184' title='bbox 640 3212 763 3285; x_wconf 92' lang='lat' dir='ltr'>Unam</span> <span class='ocrx_word' id='word_1_185' title='bbox 788 3238 924 3287; x_wconf 87' lang='lat' dir='ltr'>crucem</span> <span class='ocrx_word' id='word_1_186' title='bbox 949 3239 993 3287; x_wconf 85' lang='lat' dir='ltr'>ex</span> <span class='ocrx_word' id='word_1_187' title='bbox 1010 3214 1265 3315; x_wconf 80' lang='lat' dir='ltr'>quinquaginta</span> <span class='ocrx_word' id='word_1_188' title='bbox 1281 3215 1406 3288; x_wconf 79' lang='lat' dir='ltr'>marcis</span> 
     </span>
     <span class='ocr_line' id='line_1_28' title="bbox 399 3323 1478 3428; baseline 0.005 -30"><span class='ocrx_word' id='word_1_189' title='bbox 399 3325 533 3425; x_wconf 87' lang='lat' dir='ltr'>argenti</span> <span class='ocrx_word' id='word_1_190' title='bbox 567 3323 698 3399; x_wconf 83' lang='lat' dir='ltr'>firsrlem</span> <span class='ocrx_word' id='word_1_191' title='bbox 725 3381 733 3398; x_wconf 95' lang='lat'><strong>.</strong></span> <span class='ocrx_word' id='word_1_192' title='bbox 762 3327 931 3425; x_wconf 78' lang='lat' dir='ltr'>Quinque</span> <span class='ocrx_word' id='word_1_193' title='bbox 955 3327 1156 3401; x_wconf 86' lang='lat' dir='ltr'>vestimenta</span> <span class='ocrx_word' id='word_1_194' title='bbox 1186 3325 1405 3403; x_wconf 86' lang='lat' dir='ltr'>sacerdotalia</span> <span class='ocrx_word' id='word_1_195' title='bbox 1476 3425 1478 3428; x_wconf 7' lang='grc' dir='ltr'><em>Α</em></span> 
     </span>
     <span class='ocr_line' id='line_1_29' title="bbox 399 3438 1405 3541; baseline 0.006 -30"><span class='ocrx_word' id='word_1_196' title='bbox 399 3438 653 3539; x_wconf 83' lang='lat' dir='ltr'>preciofiffima:</span> <span class='ocrx_word' id='word_1_197' title='bbox 683 3465 769 3512; x_wconf 87' lang='lat' dir='ltr'>auro</span> <span class='ocrx_word' id='word_1_198' title='bbox 801 3438 1016 3538; x_wconf 88' lang='lat' dir='ltr'>gemmisque</span> <span class='ocrx_word' id='word_1_199' title='bbox 1045 3457 1203 3514; x_wconf 88' lang='lat' dir='ltr'>ornata.</span> <span class='ocrx_word' id='word_1_200' title='bbox 1235 3441 1405 3541; x_wconf 74' lang='lat' dir='ltr'>Quinque</span> 
     </span>
     <span class='ocr_line' id='line_1_30' title="bbox 398 3549 1405 3654; baseline 0.005 -30"><span class='ocrx_word' id='word_1_201' title='bbox 398 3549 526 3625; x_wconf 85' lang='lat' dir='ltr'>casulas</span> <span class='ocrx_word' id='word_1_202' title='bbox 554 3576 640 3625; x_wconf 91' lang='lat' dir='ltr'>auro</span> <span class='ocrx_word' id='word_1_203' title='bbox 666 3551 883 3651; x_wconf 87' lang='lat' dir='ltr'>gemmisque</span> <span class='ocrx_word' id='word_1_204' title='bbox 911 3570 1068 3628; x_wconf 77' lang='lat' dir='ltr'>ornatae:</span> <span class='ocrx_word' id='word_1_205' title='bbox 1095 3553 1133 3626; x_wconf 86' lang='lat' dir='ltr'>in</span> <span class='ocrx_word' id='word_1_206' title='bbox 1160 3579 1230 3628; x_wconf 90' lang='lat' dir='ltr'>una</span> <span class='ocrx_word' id='word_1_207' title='bbox 1255 3579 1405 3654; x_wconf 86' lang='lat' dir='ltr'>quarum</span> 
     </span>
    </p>
   </div>
   <div class='ocr_carea' id='block_1_12' title="bbox 436 3689 1405 4116">
    <p class='ocr_par' dir='ltr' id='par_1_12' title="bbox 439 3689 809 3762">
     <span class='ocr_line' id='line_1_31' title="bbox 439 3689 809 3762; baseline 0.003 -14"><span class='ocrx_word' id='word_1_208' title='bbox 439 3689 450 3729; x_wconf 92' lang='lat'>¹</span> <span class='ocrx_word' id='word_1_209' title='bbox 472 3689 584 3760; x_wconf 88' lang='lat' dir='ltr'><strong>H.M.;</strong></span> <span class='ocrx_word' id='word_1_210' title='bbox 605 3705 754 3762; x_wconf 75' lang='lat' dir='ltr'>tentemur,</span> <span class='ocrx_word' id='word_1_211' title='bbox 769 3689 809 3749; x_wconf 91' lang='lat' dir='ltr'>G.</span> 
     </span>
    </p>

    <p class='ocr_par' dir='ltr' id='par_1_13' title="bbox 438 3770 1405 3933">
     <span class='ocr_line' id='line_1_32' title="bbox 439 3770 1405 3851; baseline 0.008 -23"><span class='ocrx_word' id='word_1_212' title='bbox 439 3770 451 3809; x_wconf 74' lang='lat'>2</span> <span class='ocrx_word' id='word_1_213' title='bbox 472 3771 585 3841; x_wconf 88' lang='lat' dir='ltr'><strong>H.M.;</strong></span> <span class='ocrx_word' id='word_1_214' title='bbox 606 3772 683 3848; x_wconf 84' lang='lat' dir='ltr'>stylo,</span> <span class='ocrx_word' id='word_1_215' title='bbox 698 3770 738 3830; x_wconf 91' lang='lat' dir='ltr'>G.</span> <span class='ocrx_word' id='word_1_216' title='bbox 750 3795 761 3842; x_wconf 67' lang='grc' dir='ltr'>ς</span> <span class='ocrx_word' id='word_1_217' title='bbox 782 3770 837 3831; x_wconf 78' lang='lat' dir='ltr'>and</span> <span class='ocrx_word' id='word_1_218' title='bbox 852 3770 881 3830; x_wconf 91' lang='lat' dir='ltr'>so</span> <span class='ocrx_word' id='word_1_219' title='bbox 894 3773 995 3851; x_wconf 79' lang='lat' dir='ltr'>alwayr</span> <span class='ocrx_word' id='word_1_220' title='bbox 1008 3773 1038 3832; x_wconf 91' lang='lat' dir='ltr'>in</span> <span class='ocrx_word' id='word_1_221' title='bbox 1052 3773 1102 3832; x_wconf 86' lang='lat' dir='ltr'>the</span> <span class='ocrx_word' id='word_1_222' title='bbox 1115 3772 1190 3834; x_wconf 79' lang='lat' dir='ltr'>casea</span> <span class='ocrx_word' id='word_1_223' title='bbox 1203 3775 1239 3834; x_wconf 87' lang='lat' dir='ltr'>of</span> <span class='ocrx_word' id='word_1_224' title='bbox 1249 3774 1304 3835; x_wconf 82' lang='lat' dir='ltr'>thir</span> <span class='ocrx_word' id='word_1_225' title='bbox 1317 3774 1405 3836; x_wconf 83' lang='lat' dir='ltr'>word.</span> 
     </span>
     <span class='ocr_line' id='line_1_33' title="bbox 438 3851 1354 3933; baseline 0.004 -22"><span class='ocrx_word' id='word_1_226' title='bbox 438 3851 451 3890; x_wconf 81' lang='lat'>³</span> <span class='ocrx_word' id='word_1_227' title='bbox 473 3851 525 3911; x_wconf 87' lang='lat' dir='ltr'>See</span> <span class='ocrx_word' id='word_1_228' title='bbox 541 3852 596 3910; x_wconf 83' lang='lat' dir='ltr'>thia</span> <span class='ocrx_word' id='word_1_229' title='bbox 612 3852 679 3912; x_wconf 85' lang='lat' dir='ltr'>MS.</span> <span class='ocrx_word' id='word_1_230' title='bbox 691 3852 740 3912; x_wconf 87' lang='lat' dir='ltr'>sol.</span> <span class='ocrx_word' id='word_1_231' title='bbox 763 3868 810 3928; x_wconf 77' lang='lat'>31,</span> <span class='ocrx_word' id='word_1_232' title='bbox 824 3853 919 3912; x_wconf 81' lang='lat' dir='ltr'>where</span> <span class='ocrx_word' id='word_1_233' title='bbox 935 3874 950 3912; x_wconf 81' lang='lat' dir='ltr'>a</span> <span class='ocrx_word' id='word_1_234' title='bbox 963 3853 1155 3933; x_wconf 77' lang='lat' dir='ltr'>considerable</span> <span class='ocrx_word' id='word_1_235' title='bbox 1169 3855 1211 3915; x_wconf 86' lang='lat' dir='ltr'>list</span> <span class='ocrx_word' id='word_1_236' title='bbox 1227 3855 1249 3914; x_wconf 80' lang='lat' dir='ltr'>ia</span> <span class='ocrx_word' id='word_1_237' title='bbox 1262 3856 1354 3932; x_wconf 86' lang='lat' dir='ltr'>given.</span> 
     </span>
    </p>

    <p class='ocr_par' dir='ltr' id='par_1_14' title="bbox 436 3931 771 4011">
     <span class='ocr_line' id='line_1_34' title="bbox 436 3931 771 4011; baseline 0.003 -20"><span class='ocrx_word' id='word_1_238' title='bbox 436 3932 450 3971; x_wconf 84' lang='lat'><strong>⁴</strong></span> <span class='ocrx_word' id='word_1_239' title='bbox 471 3933 583 4003; x_wconf 86' lang='lat' dir='ltr'><strong>H.M.;</strong></span> <span class='ocrx_word' id='word_1_240' title='bbox 603 3931 716 4011; x_wconf 77' lang='lat' dir='ltr'>speicec,</span> <span class='ocrx_word' id='word_1_241' title='bbox 731 3932 771 3992; x_wconf 91' lang='lat' dir='ltr'>G.</span> 
     </span>
    </p>

    <p class='ocr_par' dir='ltr' id='par_1_15' title="bbox 437 3995 1010 4116">
     <span class='ocr_line' id='line_1_35' title="bbox 437 3995 1010 4116; baseline 0.003 -43"><span class='ocrx_word' id='word_1_242' title='bbox 437 4013 450 4053; x_wconf 80' lang='lat'><strong>⁶</strong></span> <span class='ocrx_word' id='word_1_243' title='bbox 472 4013 576 4084; x_wconf 86' lang='lat' dir='ltr'><strong>H.G.;</strong></span> <span class='ocrx_word' id='word_1_244' title='bbox 597 4035 633 4074; x_wconf 75' lang='lat' dir='ltr'>an</span> <span class='ocrx_word' id='word_1_245' title='bbox 647 4014 755 4075; x_wconf 76' lang='lat' dir='ltr'>ensure</span> <span class='ocrx_word' id='word_1_246' title='bbox 769 4016 799 4074; x_wconf 91' lang='lat' dir='ltr'>in</span> <span class='ocrx_word' id='word_1_247' title='bbox 814 4015 864 4086; x_wconf 71' lang='lat' dir='ltr'>H„</span> <span class='ocrx_word' id='word_1_248' title='bbox 879 3995 1010 4116; x_wconf 44' lang='lat' dir='ltr'>gorumi}</span> 
     </span>
    </p>
   </div>
   <div class='ocr_carea' id='block_1_13' title="bbox 0 0 1505 5152">
    <p class='ocr_par' dir='ltr' id='par_1_16' title="bbox 0 0 1505 5152">
     <span class='ocr_line' id='line_1_36' title="bbox 0 0 1505 5152; baseline 0 0"><span class='ocrx_word' id='word_1_249' title='bbox 0 0 1505 5152; x_wconf 95' lang='lat' dir='ltr'> </span> 
     </span>
    </p>
   </div>
  </div>
 </body>
</html>
