3000 5152
261 271 309 352 16
539 271 630 352 Vita
659 268 824 352 Haroldi
848 271 979 381 Regis.

251 486 296 561 de
322 483 403 560 hiis¹
432 483 515 558 alias
542 483 605 584 qui
628 483 780 558 voluerit
806 484 908 583 plura
930 481 1097 583 inquirat.
1156 482 1260 580 Quo²

250 599 346 673 enim
358 600 403 673 ad
414 596 603 698 susceptam
616 597 742 672 attinet
754 597 935 671 materiam
951 655 958 670 .
974 595 1053 670 satis
1069 596 1119 671 est
1135 595 1260 672 iccirco

252 737 316 786 nos
342 712 398 787 vel
426 709 669 812 compendiose
695 710 757 785 ista
782 709 961 811 prelibasse
989 735 1033 785 ne
1063 709 1258 786 inconsulte

249 825 448 902 videremur
476 825 537 898 illa
562 824 756 925 preterisse:
783 823 993 924 queminus
1018 823 1256 925 intelligentes

249 941 294 1015 ad
310 936 398 1015 servi
415 938 484 1013 Dei
507 937 664 1013 Haroldi
688 935 939 1012 contumeliam
960 935 1125 1012 novimus
1142 936 1257 1013 intor-

248 1051 318 1127 sisse
337 1110 346 1127 .
365 1077 446 1126 cum
472 1050 593 1126 sanum
620 1049 789 1151 sapientes
815 1051 878 1125 hec
900 1076 1008 1150 quarn
1035 1050 1188 1127 maxime
1209 1053 1255 1126 ad

248 1165 351 1266 ipsius
393 1165 543 1267 gloriam
588 1163 730 1239 videant
776 1163 960 1264 pertinere.
1030 1163 1105 1263 Qui
1158 1163 1255 1240 enim

246 1278 359 1380 gratia
382 1278 573 1353 comitante
599 1277 720 1354 divina
742 1277 873 1352 vicium
891 1277 975 1352 vicit
1001 1278 1100 1379 quod
1128 1294 1169 1353 ut
1198 1277 1253 1353 isti

246 1393 374 1469 volunt
409 1408 534 1466 natura
571 1390 698 1466 inflixit
732 1393 832 1493 quod
869 1390 1048 1466 convietus
1079 1389 1252 1467 instituit:

244 1530 288 1582 co
317 1504 442 1606 utique
473 1503 700 1580 favorabilius
729 1502 962 1604 triumphavit
988 1560 996 1578 .
1020 1529 1095 1604 quo
1120 1521 1157 1579 et
1184 1506 1253 1580 hoc

245 1617 358 1718 ipsum
375 1618 473 1719 quod
496 1635 600 1692 natus
619 1677 627 1693 .
646 1619 745 1719 quod
769 1618 939 1692 educatus
963 1616 1029 1692 est:
1055 1614 1251 1717 superando
1306 1646 1310 1653 ’

244 1731 407 1806 mutavit.
461 1732 558 1805 Nam
576 1733 636 1806 etsi
653 1730 745 1804 vicio
771 1729 841 1830 ipse
858 1740 1001 1832 quoque
1020 1736 1070 1804 'ut
1093 1730 1253 1809 afferitur
1284 1764 1287 1769 ·

243 1871 311 1922 evo
328 1846 442 1921 adhuc
459 1844 557 1920 rudis
574 1844 696 1919 ceffili'e
713 1842 805 1918 visus
822 1842 870 1917 est
888 1901 897 1918 .
916 1870 937 1917 a
954 1861 1079 1921 natura
1095 1844 1250 1949 simulet

244 1957 421 2033 nutritura
440 2016 449 2033 .
467 1957 675 2033 violenciam
693 1957 807 2058 passus
823 1957 1034 2034 estimandus
1051 1959 1109 2036 est.
1128 1959 1249 2034 -Patet

243 2070 353 2172 igitur
383 2070 467 2172 quia
490 2089 656 2173 operante
683 2097 727 2146 eo
753 2071 816 2170 qui
842 2071 887 2146 de
913 2073 1035 2148 eadem
1055 2072 1162 2152 massa
1185 2097 1248 2147 vas

242 2185 338 2260 aliud
356 2184 438 2260 facit
461 2185 498 2259 in
516 2187 687 2261 honorem
707 2243 715 2258 .
735 2185 832 2258 aliud
856 2184 893 2258 in
911 2185 1162 2261 contumeliam
1180 2243 1190 2261 .
1209 2185 1248 2262 id

241 2325 385 2401 quoque
403 2300 440 2374 in
457 2300 601 2374 virtutis
617 2299 786 2374 Haroldo
802 2299 939 2374 versum
961 2300 1010 2375 est
1027 2301 1194 2377 meritum
1210 2319 1248 2376 et

241 2412 356 2487 laudis
368 2413 573 2512 preconium
585 2414 684 2514 quod
700 2412 732 2487 ei
746 2414 791 2488 ad
803 2411 1022 2512 vituperium
1039 2413 1082 2488 ab
1099 2413 1248 2501 indoctis

241 2525 356 2600 fuerat
369 2524 555 2628 objedtum.
608 2527 664 2601 Sic
686 2526 813 2602 rutilos
838 2526 1002 2626 producit
1021 2585 1030 2602 .
1048 2528 1091 2602 sse
1108 2527 1247 2602 niveos8
1323 2532 1327 2537 ’

240 2640 335 2740 quast
365 2639 480 2714 nutrit
507 2638 663 2715 rosarum
698 2640 944 2739 liliorumque:
984 2639 1081 2741 spina
1114 2641 1244 2716 flores.

240 2777 394 2853 quorum
412 2753 634 2855 prerogative
651 2780 723 2828 non
740 2752 864 2829 adimit
891 2754 1001 2828 immo
1018 2753 1141 2831 adicit*
1156 2780 1247 2856 qua-

240 2866 320 2941 litas
337 2866 502 2969 abjectior
518 2893 562 2942 ex
579 2866 756 2942 consorcio
773 2869 956 2943 cumulum
973 2868 1173 2944 venustatis.

319 3016 332 3058 ¹
352 3018 464 3090 H.M.;
485 3019 537 3089 his,
553 3018 592 3079 G.
847 3017 861 3058 ²
880 3017 991 3090 H.M.;
1013 3020 1108 3100 Quod,
1123 3019 1163 3079 G.

320 3097 334 3138 ⁸
354 3098 417 3170 H.;
438 3100 540 3171 niveas,
557 3100 644 3161 M.G.
846 3100 860 3142 ⁴
880 3099 990 3172 H.M.;
1011 3101 1116 3178 adjicit,
1132 3100 1172 3160 G.

607 3536 857 3864 Ψ
