<?xml version="1.0" encoding="UTF-8"?>
<!DOCTYPE html PUBLIC "-//W3C//DTD XHTML 1.0 Transitional//EN"
    "http://www.w3.org/TR/xhtml1/DTD/xhtml1-transitional.dtd">
<html xmlns="http://www.w3.org/1999/xhtml" xml:lang="en" lang="en">
 <head>
  <title>
</title>
<meta http-equiv="Content-Type" content="text/html;charset=utf-8" />
  <meta name='ocr-system' content='tesseract 3.04.00' />
  <meta name='ocr-capabilities' content='ocr_page ocr_carea ocr_par ocr_line ocrx_word'/>
</head>
<body>
  <div class='ocr_page' id='page_1' title='image "./vitaharoldiroma00musegoog_0027.png"; bbox 0 0 2978 5136; ppageno 0'>
   <div class='ocr_carea' id='block_1_1' title="bbox 559 160 1134 323">
    <p class='ocr_par' dir='ltr' id='par_1_1' title="bbox 559 160 1134 323">
     <span class='ocr_line' id='line_1_1' title="bbox 559 160 1134 323; baseline 0.002 -32"><span class='ocrx_word' id='word_1_1' title='bbox 559 208 650 292; x_wconf 84' lang='lat' dir='ltr'>Vita</span> <span class='ocrx_word' id='word_1_2' title='bbox 678 209 843 293; x_wconf 77' lang='lat' dir='ltr'>Horoldi</span> <span class='ocrx_word' id='word_1_3' title='bbox 865 211 995 323; x_wconf 68' lang='lat' dir='ltr'>Regis.</span> <span class='ocrx_word' id='word_1_4' title='bbox 1049 228 1052 232; x_wconf 78' lang='grc'><strong><em>’</em></strong></span> <span class='ocrx_word' id='word_1_5' title='bbox 1131 160 1134 164; x_wconf 35' lang='lat'><strong>⁴</strong></span> 
     </span>
    </p>
   </div>
   <div class='ocr_carea' id='block_1_2' title="bbox 80 403 1317 3814">
    <p class='ocr_par' dir='ltr' id='par_1_2' title="bbox 55 403 1317 3814">
     <span class='ocr_line' id='line_1_2' title="bbox 215 403 1276 530; baseline -0.002 -28"><span class='ocrx_word' id='word_1_6' title='bbox 215 403 380 528; x_wconf 42' lang='lat' dir='ltr'>stitutus</span> <span class='ocrx_word' id='word_1_7' title='bbox 412 424 569 527; x_wconf 84' lang='lat' dir='ltr'>injungit</span> <span class='ocrx_word' id='word_1_8' title='bbox 604 484 613 503; x_wconf 90' lang='lat'><strong>.</strong></span> <span class='ocrx_word' id='word_1_9' title='bbox 648 443 685 502; x_wconf 86' lang='lat' dir='ltr'>et</span> <span class='ocrx_word' id='word_1_10' title='bbox 710 425 810 530; x_wconf 92' lang='lat' dir='ltr'>quod</span> <span class='ocrx_word' id='word_1_11' title='bbox 847 425 960 502; x_wconf 84' lang='lat' dir='ltr'>noster</span> <span class='ocrx_word' id='word_1_12' title='bbox 992 414 1132 501; x_wconf 69' lang='lat' dir='ltr'>aninmo</span> <span class='ocrx_word' id='word_1_13' title='bbox 1165 422 1276 526; x_wconf 77' lang='lat' dir='ltr'>gestit</span> 
     </span>
     <span class='ocr_line' id='line_1_3' title="bbox 268 537 1280 642; baseline -0.003 -26.232"><span class='ocrx_word' id='word_1_14' title='bbox 183 539 502 641; x_wconf 45' lang='lat' dir='ltr'>{32‘YExpetendua</span> <span class='ocrx_word' id='word_1_15' title='bbox 529 556 647 614; x_wconf 88' lang='lat' dir='ltr'>autem</span> <span class='ocrx_word' id='word_1_16' title='bbox 678 539 885 642; x_wconf 89' lang='lat' dir='ltr'>summoque</span> <span class='ocrx_word' id='word_1_17' title='bbox 912 539 989 615; x_wconf 92' lang='lat' dir='ltr'>nisu</span> <span class='ocrx_word' id='word_1_18' title='bbox 1018 537 1180 615; x_wconf 85' lang='lat' dir='ltr'>censetur</span> <span class='ocrx_word' id='word_1_19' title='bbox 1206 563 1280 613; x_wconf 83' lang='lat' dir='ltr'>am-</span> 
     </span>
     <span class='ocr_line' id='line_1_4' title="bbox 271 650 1313 756; baseline -0.001 -28.1"><span class='ocrx_word' id='word_1_20' title='bbox 271 652 476 754; x_wconf 73' lang='lat' dir='ltr'>plectendus</span> <span class='ocrx_word' id='word_1_21' title='bbox 488 653 618 729; x_wconf 90' lang='lat' dir='ltr'>modici</span> <span class='ocrx_word' id='word_1_22' title='bbox 638 652 743 729; x_wconf 91' lang='lat' dir='ltr'>sudor</span> <span class='ocrx_word' id='word_1_23' title='bbox 759 653 930 754; x_wconf 81' lang='lat' dir='ltr'>temporie</span> <span class='ocrx_word' id='word_1_24' title='bbox 948 712 956 729; x_wconf 91' lang='lat'><strong><em>.</em></strong></span> <span class='ocrx_word' id='word_1_25' title='bbox 976 654 1051 756; x_wconf 89' lang='lat' dir='ltr'>quo</span> <span class='ocrx_word' id='word_1_26' title='bbox 1068 678 1142 728; x_wconf 90' lang='lat' dir='ltr'>non</span> <span class='ocrx_word' id='word_1_27' title='bbox 1158 650 1281 753; x_wconf 83' lang='lat' dir='ltr'>exigui</span> <span class='ocrx_word' id='word_1_28' title='bbox 1311 749 1313 752; x_wconf 11' lang='grc' dir='ltr'><em>Α</em></span> 
     </span>
     <span class='ocr_line' id='line_1_5' title="bbox 109 765 1278 876; baseline -0.002 -34"><span class='ocrx_word' id='word_1_29' title='bbox 109 845 129 876; x_wconf 91' lang='lat'>·.</span> <span class='ocrx_word' id='word_1_30' title='bbox 270 785 306 842; x_wconf 93' lang='lat' dir='ltr'>et</span> <span class='ocrx_word' id='word_1_31' title='bbox 324 766 473 844; x_wconf 82' lang='lat' dir='ltr'>labentis</span> <span class='ocrx_word' id='word_1_32' title='bbox 497 765 553 841; x_wconf 87' lang='lat' dir='ltr'>evi</span> <span class='ocrx_word' id='word_1_33' title='bbox 572 766 767 844; x_wconf 86' lang='lat' dir='ltr'>celebritas:</span> <span class='ocrx_word' id='word_1_34' title='bbox 794 767 905 842; x_wconf 89' lang='lat' dir='ltr'>immo</span> <span class='ocrx_word' id='word_1_35' title='bbox 922 766 1036 868; x_wconf 71' lang='lat' dir='ltr'>laudis</span> <span class='ocrx_word' id='word_1_36' title='bbox 1051 782 1088 841; x_wconf 88' lang='lat' dir='ltr'>et</span> <span class='ocrx_word' id='word_1_37' title='bbox 1103 765 1221 866; x_wconf 87' lang='lat' dir='ltr'>glorie</span> <span class='ocrx_word' id='word_1_38' title='bbox 1236 789 1278 840; x_wconf 85' lang='lat' dir='ltr'>oo</span> 
     </span>
     <span class='ocr_line' id='line_1_6' title="bbox 80 878 1285 984; baseline 0 -31"><span class='ocrx_word' id='word_1_39' title='bbox 80 952 100 984; x_wconf 32' lang='grc' dir='ltr'>,ι</span> <span class='ocrx_word' id='word_1_40' title='bbox 271 878 430 954; x_wconf 87' lang='lat' dir='ltr'>mansure</span> <span class='ocrx_word' id='word_1_41' title='bbox 457 905 531 980; x_wconf 92' lang='lat' dir='ltr'>quo</span> <span class='ocrx_word' id='word_1_42' title='bbox 556 897 675 954; x_wconf 89' lang='lat' dir='ltr'>eterne</span> <span class='ocrx_word' id='word_1_43' title='bbox 697 881 803 962; x_wconf 77' lang='lat' dir='ltr'>decus</span> <span class='ocrx_word' id='word_1_44' title='bbox 827 897 864 956; x_wconf 89' lang='lat' dir='ltr'>et</span> <span class='ocrx_word' id='word_1_45' title='bbox 891 879 1055 980; x_wconf 88' lang='lat' dir='ltr'>splendor</span> <span class='ocrx_word' id='word_1_46' title='bbox 1080 878 1285 979; x_wconf 88' lang='lat' dir='ltr'>optinetur.-</span> 
     </span>
     <span class='ocr_line' id='line_1_7' title="bbox 271 991 1279 1094; baseline -0.001 -27.176"><span class='ocrx_word' id='word_1_47' title='bbox 271 995 439 1068; x_wconf 88' lang='lat' dir='ltr'>Ceterum</span> <span class='ocrx_word' id='word_1_48' title='bbox 453 992 580 1094; x_wconf 86' lang='lat' dir='ltr'>quovis</span> <span class='ocrx_word' id='word_1_49' title='bbox 593 1018 659 1092; x_wconf 93' lang='lat' dir='ltr'>pro</span> <span class='ocrx_word' id='word_1_50' title='bbox 670 993 788 1068; x_wconf 85' lang='lat' dir='ltr'>labore</span> <span class='ocrx_word' id='word_1_51' title='bbox 805 1012 867 1068; x_wconf 90' lang='lat' dir='ltr'>aut</span> <span class='ocrx_word' id='word_1_52' title='bbox 885 1020 990 1094; x_wconf 89' lang='lat' dir='ltr'>opere</span> <span class='ocrx_word' id='word_1_53' title='bbox 1005 1051 1013 1068; x_wconf 91' lang='lat'><strong>.</strong></span> <span class='ocrx_word' id='word_1_54' title='bbox 1029 992 1143 1067; x_wconf 85' lang='lat' dir='ltr'>laudis</span> <span class='ocrx_word' id='word_1_55' title='bbox 1156 991 1279 1067; x_wconf 85' lang='lat' dir='ltr'>tranfi-</span> 
     </span>
     <span class='ocr_line' id='line_1_8' title="bbox 270 1104 1278 1207; baseline -0.002 -27"><span class='ocrx_word' id='word_1_56' title='bbox 270 1105 361 1180; x_wconf 92' lang='lat' dir='ltr'>torie</span> <span class='ocrx_word' id='word_1_57' title='bbox 378 1105 541 1205; x_wconf 85' lang='lat' dir='ltr'>expetisse</span> <span class='ocrx_word' id='word_1_58' title='bbox 566 1108 783 1183; x_wconf 87' lang='lat' dir='ltr'>mercedem:</span> <span class='ocrx_word' id='word_1_59' title='bbox 810 1133 953 1207; x_wconf 85' lang='lat' dir='ltr'>operam</span> <span class='ocrx_word' id='word_1_60' title='bbox 977 1105 1162 1207; x_wconf 83' lang='lat' dir='ltr'>perdidisse</span> <span class='ocrx_word' id='word_1_61' title='bbox 1177 1104 1228 1179; x_wconf 89' lang='lat' dir='ltr'>est</span> <span class='ocrx_word' id='word_1_62' title='bbox 1243 1118 1278 1188; x_wconf 79' lang='lat' dir='ltr'>et</span> 
     </span>
     <span class='ocr_line' id='line_1_9' title="bbox 271 1219 1279 1319; baseline 0.001 -26"><span class='ocrx_word' id='word_1_63' title='bbox 271 1219 472 1319; x_wconf 84' lang='lat' dir='ltr'>impensam.</span> <span class='ocrx_word' id='word_1_64' title='bbox 525 1220 612 1308; x_wconf 92' lang='lat' dir='ltr'>Non</span> <span class='ocrx_word' id='word_1_65' title='bbox 636 1219 750 1296; x_wconf 88' lang='lat' dir='ltr'>solum</span> <span class='ocrx_word' id='word_1_66' title='bbox 775 1238 895 1295; x_wconf 90' lang='lat' dir='ltr'>autem</span> <span class='ocrx_word' id='word_1_67' title='bbox 918 1219 975 1297; x_wconf 90' lang='lat' dir='ltr'>sed</span> <span class='ocrx_word' id='word_1_68' title='bbox 993 1245 1056 1295; x_wconf 90' lang='lat' dir='ltr'>nec</span> <span class='ocrx_word' id='word_1_69' title='bbox 1075 1220 1279 1294; x_wconf 82' lang='lat' dir='ltr'>nullatenus</span> 
     </span>
     <span class='ocr_line' id='line_1_10' title="bbox 269 1331 1280 1434; baseline -0.001 -26"><span class='ocrx_word' id='word_1_70' title='bbox 269 1333 424 1434; x_wconf 83' lang='lat' dir='ltr'>expetite</span> <span class='ocrx_word' id='word_1_71' title='bbox 457 1333 555 1407; x_wconf 91' lang='lat' dir='ltr'>ultro</span> <span class='ocrx_word' id='word_1_72' title='bbox 588 1351 706 1407; x_wconf 89' lang='lat' dir='ltr'>tamen</span> <span class='ocrx_word' id='word_1_73' title='bbox 741 1334 868 1433; x_wconf 86' lang='lat' dir='ltr'>ingeste</span> <span class='ocrx_word' id='word_1_74' title='bbox 901 1332 1113 1434; x_wconf 68' lang='lat' dir='ltr'>adquievisse</span> <span class='ocrx_word' id='word_1_75' title='bbox 1146 1331 1280 1408; x_wconf 75' lang='lat' dir='ltr'>favoris</span> 
     </span>
     <span class='ocr_line' id='line_1_11' title="bbox 270 1444 1283 1548; baseline 0 -28"><span class='ocrx_word' id='word_1_76' title='bbox 270 1446 431 1521; x_wconf 90' lang='lat' dir='ltr'>illecebre</span> <span class='ocrx_word' id='word_1_77' title='bbox 467 1445 596 1537; x_wconf 85' lang='lat' dir='ltr'>interni</span> <span class='ocrx_word' id='word_1_78' title='bbox 631 1446 724 1522; x_wconf 87' lang='lat' dir='ltr'>testis</span> <span class='ocrx_word' id='word_1_79' title='bbox 757 1465 793 1522; x_wconf 90' lang='lat' dir='ltr'>et</span> <span class='ocrx_word' id='word_1_80' title='bbox 827 1447 939 1523; x_wconf 88' lang='lat' dir='ltr'>eterni</span> <span class='ocrx_word' id='word_1_81' title='bbox 963 1445 1095 1548; x_wconf 82' lang='lat' dir='ltr'>judicis</span> <span class='ocrx_word' id='word_1_82' title='bbox 1128 1444 1283 1546; x_wconf 26' lang='lat' dir='ltr'>seipsum*</span> 
     </span>
     <span class='ocr_line' id='line_1_12' title="bbox 269 1559 1278 1660; baseline -0.001 -25"><span class='ocrx_word' id='word_1_83' title='bbox 269 1559 505 1636; x_wconf 90' lang='lat' dir='ltr'>retribucione</span> <span class='ocrx_word' id='word_1_84' title='bbox 530 1575 566 1634; x_wconf 90' lang='lat' dir='ltr'>et</span> <span class='ocrx_word' id='word_1_85' title='bbox 583 1561 687 1635; x_wconf 91' lang='lat' dir='ltr'>laude</span> <span class='ocrx_word' id='word_1_86' title='bbox 713 1560 858 1660; x_wconf 85' lang='lat' dir='ltr'>privasse</span> <span class='ocrx_word' id='word_1_87' title='bbox 884 1561 940 1636; x_wconf 67' lang='lat' dir='ltr'>est„</span> <span class='ocrx_word' id='word_1_88' title='bbox 993 1561 1102 1635; x_wconf 83' lang='lat' dir='ltr'>Extat</span> <span class='ocrx_word' id='word_1_89' title='bbox 1119 1559 1216 1634; x_wconf 89' lang='lat' dir='ltr'>enim</span> <span class='ocrx_word' id='word_1_90' title='bbox 1232 1559 1278 1634; x_wconf 86' lang='lat' dir='ltr'>de</span> 
     </span>
     <span class='ocr_line' id='line_1_13' title="bbox 269 1672 1276 1777; baseline -0.002 -27"><span class='ocrx_word' id='word_1_91' title='bbox 269 1673 464 1777; x_wconf 89' lang='lat' dir='ltr'>ejusmodi:</span> <span class='ocrx_word' id='word_1_92' title='bbox 491 1672 646 1774; x_wconf 87' lang='lat' dir='ltr'>ejusdcm</span> <span class='ocrx_word' id='word_1_93' title='bbox 662 1673 830 1749; x_wconf 85' lang='lat' dir='ltr'>diffinicio</span> <span class='ocrx_word' id='word_1_94' title='bbox 847 1675 941 1749; x_wconf 92' lang='lat' dir='ltr'>hunc</span> <span class='ocrx_word' id='word_1_95' title='bbox 959 1673 1088 1748; x_wconf 83' lang='lat' dir='ltr'>habens</span> <span class='ocrx_word' id='word_1_96' title='bbox 1104 1673 1276 1748; x_wconf 83' lang='lat' dir='ltr'>modum:</span> 
     </span>
     <span class='ocr_line' id='line_1_14' title="bbox 269 1783 1218 1887; baseline 0 -25"><span class='ocrx_word' id='word_1_97' title='bbox 269 1785 404 1862; x_wconf 83' lang='lat' dir='ltr'>Amen¹</span> <span class='ocrx_word' id='word_1_98' title='bbox 423 1785 505 1860; x_wconf 92' lang='lat' dir='ltr'>dico</span> <span class='ocrx_word' id='word_1_99' title='bbox 522 1785 645 1861; x_wconf 87' lang='lat' dir='ltr'>vobis:</span> <span class='ocrx_word' id='word_1_100' title='bbox 673 1787 1093 1887; x_wconf 85' lang='lat' dir='ltr'>receperuntmercedcm</span> <span class='ocrx_word' id='word_1_101' title='bbox 1109 1783 1218 1862; x_wconf 79' lang='lat' dir='ltr'>suam.</span> 
     </span>
     <span class='ocr_line' id='line_1_15' title="bbox 319 1899 1275 2000; baseline 0 -26"><span class='ocrx_word' id='word_1_102' title='bbox 319 1899 426 1996; x_wconf 86' lang='lat' dir='ltr'>Jubet</span> <span class='ocrx_word' id='word_1_103' title='bbox 467 1899 577 2000; x_wconf 89' lang='lat' dir='ltr'>igitur</span> <span class='ocrx_word' id='word_1_104' title='bbox 601 1922 640 1973; x_wconf 90' lang='lat' dir='ltr'>ac</span> <span class='ocrx_word' id='word_1_105' title='bbox 675 1900 765 1999; x_wconf 88' lang='lat' dir='ltr'>petit</span> <span class='ocrx_word' id='word_1_106' title='bbox 800 1899 987 1975; x_wconf 73' lang='lat' dir='ltr'>auctoritas</span> <span class='ocrx_word' id='word_1_107' title='bbox 1012 1915 1158 1999; x_wconf 83' lang='lat' dir='ltr'>paterna</span> <span class='ocrx_word' id='word_1_108' title='bbox 1192 1957 1201 1976; x_wconf 92' lang='lat'><strong>.</strong></span> <span class='ocrx_word' id='word_1_109' title='bbox 1237 1917 1275 1983; x_wconf 85' lang='lat' dir='ltr'>et</span> 
     </span>
     <span class='ocr_line' id='line_1_16' title="bbox 269 2008 1276 2116; baseline 0.001 -26"><span class='ocrx_word' id='word_1_110' title='bbox 269 2013 422 2090; x_wconf 85' lang='lat' dir='ltr'>fraterna</span> <span class='ocrx_word' id='word_1_111' title='bbox 457 2012 581 2087; x_wconf 78' lang='lat' dir='ltr'>caritas</span> <span class='ocrx_word' id='word_1_112' title='bbox 616 2013 725 2088; x_wconf 87' lang='lat' dir='ltr'>vestra</span> <span class='ocrx_word' id='word_1_113' title='bbox 758 2008 927 2115; x_wconf 82' lang='lat' dir='ltr'>quatinus</span> <span class='ocrx_word' id='word_1_114' title='bbox 967 2039 1058 2113; x_wconf 89' lang='lat' dir='ltr'>opus</span> <span class='ocrx_word' id='word_1_115' title='bbox 1090 2013 1276 2116; x_wconf 88' lang='lat' dir='ltr'>egregium</span> 
     </span>
     <span class='ocr_line' id='line_1_17' title="bbox 268 2128 1274 2231; baseline 0.002 -29"><span class='ocrx_word' id='word_1_116' title='bbox 268 2128 366 2231; x_wconf 93' lang='lat' dir='ltr'>quod</span> <span class='ocrx_word' id='word_1_117' title='bbox 386 2133 535 2226; x_wconf 67' lang='lat' dir='ltr'>&#39;ceptum</span> <span class='ocrx_word' id='word_1_118' title='bbox 561 2128 770 2202; x_wconf 82' lang='lat' dir='ltr'>excellenter</span> <span class='ocrx_word' id='word_1_119' title='bbox 786 2129 1019 2229; x_wconf 85' lang='lat' dir='ltr'>decenterque</span> <span class='ocrx_word' id='word_1_120' title='bbox 1037 2133 1246 2227; x_wconf 68' lang='lat' dir='ltr'>proveetum</span> <span class='ocrx_word' id='word_1_121' title='bbox 1264 2187 1274 2204; x_wconf 89' lang='lat'><strong>.</strong></span> 
     </span>
     <span class='ocr_line' id='line_1_18' title="bbox 267 2239 1277 2343; baseline -0.002 -26"><span class='ocrx_word' id='word_1_122' title='bbox 267 2239 498 2317; x_wconf 69' lang='lat' dir='ltr'>laudabilem2</span> <span class='ocrx_word' id='word_1_123' title='bbox 515 2239 680 2316; x_wconf 90' lang='lat' dir='ltr'>instanter</span> <span class='ocrx_word' id='word_1_124' title='bbox 696 2240 830 2342; x_wconf 83' lang='lat' dir='ltr'>urgetis</span> <span class='ocrx_word' id='word_1_125' title='bbox 847 2241 891 2315; x_wconf 92' lang='lat' dir='ltr'>ad</span> <span class='ocrx_word' id='word_1_126' title='bbox 914 2240 1108 2316; x_wconf 88' lang='lat' dir='ltr'>terminum</span> <span class='ocrx_word' id='word_1_127' title='bbox 1125 2297 1135 2315; x_wconf 93' lang='lat'><strong>.</strong></span> <span class='ocrx_word' id='word_1_128' title='bbox 1155 2240 1277 2343; x_wconf 94' lang='lat' dir='ltr'>sump-</span> 
     </span>
     <span class='ocr_line' id='line_1_19' title="bbox 266 2344 1276 2455; baseline 0.001 -25"><span class='ocrx_word' id='word_1_129' title='bbox 266 2355 362 2430; x_wconf 85' lang='lat' dir='ltr'>tibus</span> <span class='ocrx_word' id='word_1_130' title='bbox 379 2354 564 2455; x_wconf 87' lang='lat' dir='ltr'>invigilem</span> <span class='ocrx_word' id='word_1_131' title='bbox 586 2353 668 2429; x_wconf 92' lang='lat' dir='ltr'>hinc</span> <span class='ocrx_word' id='word_1_132' title='bbox 686 2353 768 2429; x_wconf 90' lang='lat' dir='ltr'>inde</span> <span class='ocrx_word' id='word_1_133' title='bbox 784 2353 966 2454; x_wconf 79' lang='lat' dir='ltr'>assumptis</span> <span class='ocrx_word' id='word_1_134' title='bbox 983 2344 1213 2453; x_wconf 72' lang='lat' dir='ltr'>promouere.</span> <span class='ocrx_word' id='word_1_135' title='bbox 1228 2381 1276 2431; x_wconf 89' lang='lat' dir='ltr'>ne</span> 
     </span>
     <span class='ocr_line' id='line_1_20' title="bbox 266 2466 1275 2568; baseline 0 -25"><span class='ocrx_word' id='word_1_136' title='bbox 266 2468 360 2544; x_wconf 86' lang='lat' dir='ltr'>forte</span> <span class='ocrx_word' id='word_1_137' title='bbox 378 2467 446 2568; x_wconf 87' lang='lat' dir='ltr'>piis</span> <span class='ocrx_word' id='word_1_138' title='bbox 463 2469 573 2543; x_wconf 89' lang='lat' dir='ltr'>defint</span> <span class='ocrx_word' id='word_1_139' title='bbox 598 2467 802 2567; x_wconf 75' lang='lat' dir='ltr'>o[peri]bus</span> <span class='ocrx_word' id='word_1_140' title='bbox 824 2467 925 2567; x_wconf 91' lang='lat' dir='ltr'>copie</span> <span class='ocrx_word' id='word_1_141' title='bbox 946 2466 1126 2542; x_wconf 81' lang='lat' dir='ltr'>necessarie</span> <span class='ocrx_word' id='word_1_142' title='bbox 1142 2467 1187 2541; x_wconf 85' lang='lat' dir='ltr'>ad</span> <span class='ocrx_word' id='word_1_143' title='bbox 1204 2467 1275 2543; x_wconf 89' lang='lat' dir='ltr'>hoc</span> 
     </span>
     <span class='ocr_line' id='line_1_21' title="bbox 267 2578 1276 2682; baseline -0.001 -26"><span class='ocrx_word' id='word_1_144' title='bbox 267 2581 529 2682; x_wconf 89' lang='lat' dir='ltr'>perficiendum.</span> <span class='ocrx_word' id='word_1_145' title='bbox 582 2581 639 2656; x_wconf 77' lang='lat' dir='ltr'>En</span> <span class='ocrx_word' id='word_1_146' title='bbox 664 2580 769 2655; x_wconf 84' lang='lat' dir='ltr'>variis</span> <span class='ocrx_word' id='word_1_147' title='bbox 803 2606 929 2681; x_wconf 90' lang='lat' dir='ltr'>nempe</span> <span class='ocrx_word' id='word_1_148' title='bbox 964 2596 1105 2680; x_wconf 91' lang='lat' dir='ltr'>patrum</span> <span class='ocrx_word' id='word_1_149' title='bbox 1139 2578 1276 2680; x_wconf 81' lang='lat' dir='ltr'>scriptis</span> 
     </span>
     <span class='ocr_line' id='line_1_22' title="bbox 268 2692 1274 2793; baseline -0.003 -23"><span class='ocrx_word' id='word_1_150' title='bbox 268 2695 438 2770; x_wconf 87' lang='lat' dir='ltr'>volumen</span> <span class='ocrx_word' id='word_1_151' title='bbox 468 2694 599 2793; x_wconf 82' lang='lat' dir='ltr'>insrgne</span> <span class='ocrx_word' id='word_1_152' title='bbox 626 2693 663 2766; x_wconf 91' lang='lat' dir='ltr'>in</span> <span class='ocrx_word' id='word_1_153' title='bbox 697 2694 886 2768; x_wconf 92' lang='lat' dir='ltr'>modulum</span> <span class='ocrx_word' id='word_1_154' title='bbox 920 2693 1025 2768; x_wconf 88' lang='lat' dir='ltr'>unius</span> <span class='ocrx_word' id='word_1_155' title='bbox 1059 2692 1140 2775; x_wconf 87' lang='lat' dir='ltr'>libri</span> <span class='ocrx_word' id='word_1_156' title='bbox 1175 2718 1274 2767; x_wconf 92' lang='lat' dir='ltr'>com-</span> 
     </span>
     <span class='ocr_line' id='line_1_23' title="bbox 268 2805 1274 2910; baseline -0.001 -27"><span class='ocrx_word' id='word_1_157' title='bbox 268 2813 410 2909; x_wconf 73' lang='lat' dir='ltr'>pactum</span> <span class='ocrx_word' id='word_1_158' title='bbox 428 2866 436 2883; x_wconf 88' lang='lat'><strong>.</strong></span> <span class='ocrx_word' id='word_1_159' title='bbox 456 2808 500 2881; x_wconf 90' lang='lat' dir='ltr'>ad</span> <span class='ocrx_word' id='word_1_160' title='bbox 517 2806 659 2910; x_wconf 87' lang='lat' dir='ltr'>laudem</span> <span class='ocrx_word' id='word_1_161' title='bbox 679 2822 714 2881; x_wconf 88' lang='lat' dir='ltr'>et</span> <span class='ocrx_word' id='word_1_162' title='bbox 732 2807 777 2882; x_wconf 92' lang='lat' dir='ltr'>de</span> <span class='ocrx_word' id='word_1_163' title='bbox 793 2808 897 2883; x_wconf 86' lang='lat' dir='ltr'>laude</span> <span class='ocrx_word' id='word_1_164' title='bbox 924 2805 1074 2907; x_wconf 87' lang='lat' dir='ltr'>gloriose</span> <span class='ocrx_word' id='word_1_165' title='bbox 1095 2831 1134 2880; x_wconf 88' lang='lat' dir='ltr'>ac</span> <span class='ocrx_word' id='word_1_166' title='bbox 1151 2806 1274 2882; x_wconf 88' lang='lat' dir='ltr'>deifice</span> 
     </span>
     <span class='ocr_line' id='line_1_24' title="bbox 268 2919 1275 3021; baseline -0.001 -25"><span class='ocrx_word' id='word_1_167' title='bbox 268 2923 380 2999; x_wconf 86' lang='lat' dir='ltr'>crucis</span> <span class='ocrx_word' id='word_1_168' title='bbox 396 2919 584 3020; x_wconf 73' lang='lat' dir='ltr'>operiosius</span> <span class='ocrx_word' id='word_1_169' title='bbox 607 2919 831 2996; x_wconf 89' lang='lat' dir='ltr'>elaboratum</span> <span class='ocrx_word' id='word_1_170' title='bbox 848 2921 949 3021; x_wconf 86' lang='lat' dir='ltr'>gestis</span> <span class='ocrx_word' id='word_1_171' title='bbox 972 2919 1275 2995; x_wconf 67' lang='lat' dir='ltr'>memorabilibus,l</span> 
     </span>
     <span class='ocr_line' id='line_1_25' title="bbox 268 3032 1276 3135; baseline 0 -25"><span class='ocrx_word' id='word_1_172' title='bbox 268 3033 466 3110; x_wconf 83' lang='lat' dir='ltr'>fundatoris</span> <span class='ocrx_word' id='word_1_173' title='bbox 488 3032 606 3108; x_wconf 84' lang='lat' dir='ltr'>vestri⁴</span> <span class='ocrx_word' id='word_1_174' title='bbox 625 3091 633 3108; x_wconf 91' lang='lat'><strong>.</strong></span> <span class='ocrx_word' id='word_1_175' title='bbox 653 3033 754 3135; x_wconf 87' lang='lat' dir='ltr'>cujus</span> <span class='ocrx_word' id='word_1_176' title='bbox 780 3033 949 3108; x_wconf 88' lang='lat' dir='ltr'>memoria</span> <span class='ocrx_word' id='word_1_177' title='bbox 972 3033 1008 3107; x_wconf 90' lang='lat' dir='ltr'>in</span> <span class='ocrx_word' id='word_1_178' title='bbox 1032 3032 1276 3110; x_wconf 76' lang='lat' dir='ltr'>benedictione</span> 
     </span>
     <span class='ocr_line' id='line_1_26' title="bbox 267 3145 1276 3247; baseline 0.001 -23"><span class='ocrx_word' id='word_1_179' title='bbox 267 3149 315 3224; x_wconf 89' lang='lat' dir='ltr'>est</span> <span class='ocrx_word' id='word_1_180' title='bbox 350 3205 357 3222; x_wconf 94' lang='lat'><strong>.</strong></span> <span class='ocrx_word' id='word_1_181' title='bbox 394 3146 522 3246; x_wconf 84' lang='lat' dir='ltr'>cupitis</span> <span class='ocrx_word' id='word_1_182' title='bbox 561 3145 716 3247; x_wconf 83' lang='lat' dir='ltr'>insrgniri</span> <span class='ocrx_word' id='word_1_183' title='bbox 752 3205 760 3223; x_wconf 92' lang='lat'><strong>.</strong></span> <span class='ocrx_word' id='word_1_184' title='bbox 796 3146 930 3247; x_wconf 89' lang='lat' dir='ltr'>talique</span> <span class='ocrx_word' id='word_1_185' title='bbox 968 3165 1010 3221; x_wconf 95' lang='lat' dir='ltr'>ut</span> <span class='ocrx_word' id='word_1_186' title='bbox 1049 3145 1099 3221; x_wconf 90' lang='lat' dir='ltr'>ita</span> <span class='ocrx_word' id='word_1_187' title='bbox 1136 3147 1276 3225; x_wconf 88' lang='lat' dir='ltr'>dicatur</span> 
     </span>
     <span class='ocr_line' id='line_1_27' title="bbox 268 3259 1276 3345; baseline 0 -8"><span class='ocrx_word' id='word_1_188' title='bbox 268 3263 459 3345; x_wconf 87' lang='lat' dir='ltr'>celeumate</span> <span class='ocrx_word' id='word_1_189' title='bbox 475 3260 631 3336; x_wconf 88' lang='lat' dir='ltr'>laborem</span> <span class='ocrx_word' id='word_1_190' title='bbox 649 3260 813 3336; x_wconf 88' lang='lat' dir='ltr'>votivum</span> <span class='ocrx_word' id='word_1_191' title='bbox 833 3259 1079 3335; x_wconf 84' lang='lat' dir='ltr'>consummari.</span> <span class='ocrx_word' id='word_1_192' title='bbox 1133 3261 1276 3337; x_wconf 86' lang='lat' dir='ltr'>Lauda-</span> 
     </span>
     <span class='ocr_line' id='line_1_28' title="bbox 268 3371 1273 3475; baseline 0.001 -25"><span class='ocrx_word' id='word_1_193' title='bbox 268 3376 339 3450; x_wconf 88' lang='lat' dir='ltr'>bile</span> <span class='ocrx_word' id='word_1_194' title='bbox 365 3376 487 3474; x_wconf 91' lang='lat' dir='ltr'>procul</span> <span class='ocrx_word' id='word_1_195' title='bbox 515 3374 626 3449; x_wconf 91' lang='lat' dir='ltr'>dubio</span> <span class='ocrx_word' id='word_1_196' title='bbox 653 3374 736 3475; x_wconf 88' lang='lat' dir='ltr'>quia</span> <span class='ocrx_word' id='word_1_197' title='bbox 761 3375 934 3449; x_wconf 86' lang='lat' dir='ltr'>devotum</span> <span class='ocrx_word' id='word_1_198' title='bbox 952 3431 960 3448; x_wconf 88' lang='lat'><strong><em>.</em></strong></span> <span class='ocrx_word' id='word_1_199' title='bbox 980 3371 1063 3473; x_wconf 89' lang='lat' dir='ltr'>quia</span> <span class='ocrx_word' id='word_1_200' title='bbox 1081 3373 1273 3473; x_wconf 85' lang='lat' dir='ltr'>providum</span> 
     </span>
     <span class='ocr_line' id='line_1_29' title="bbox 270 3485 1317 3588; baseline 0 -25"><span class='ocrx_word' id='word_1_201' title='bbox 270 3490 334 3564; x_wconf 81' lang='lat' dir='ltr'>hac</span> <span class='ocrx_word' id='word_1_202' title='bbox 361 3487 399 3562; x_wconf 92' lang='lat' dir='ltr'>in</span> <span class='ocrx_word' id='word_1_203' title='bbox 426 3504 543 3588; x_wconf 82' lang='lat' dir='ltr'>parte:</span> <span class='ocrx_word' id='word_1_204' title='bbox 580 3486 768 3562; x_wconf 72' lang='lat' dir='ltr'>sanffitatis</span> <span class='ocrx_word' id='word_1_205' title='bbox 795 3486 902 3561; x_wconf 86' lang='lat' dir='ltr'>vestre</span> <span class='ocrx_word' id='word_1_206' title='bbox 932 3485 1149 3561; x_wconf 83' lang='lat' dir='ltr'>defiderium.</span> <span class='ocrx_word' id='word_1_207' title='bbox 1214 3487 1276 3563; x_wconf 87' lang='lat' dir='ltr'>Est</span> <span class='ocrx_word' id='word_1_208' title='bbox 1313 3565 1317 3570; x_wconf 76' lang='grc'><strong>,</strong></span> 
     </span>
     <span class='ocr_line' id='line_1_30' title="bbox 270 3597 1274 3702; baseline 0 -26"><span class='ocrx_word' id='word_1_209' title='bbox 270 3602 416 3702; x_wconf 90' lang='lat' dir='ltr'>quidem</span> <span class='ocrx_word' id='word_1_210' title='bbox 441 3598 644 3675; x_wconf 84' lang='lat' dir='ltr'>devocionis</span> <span class='ocrx_word' id='word_1_211' title='bbox 678 3625 741 3684; x_wconf 88' lang='lat' dir='ltr'>nec</span> <span class='ocrx_word' id='word_1_212' title='bbox 765 3597 922 3675; x_wconf 90' lang='lat' dir='ltr'>indebite</span> <span class='ocrx_word' id='word_1_213' title='bbox 939 3599 1054 3700; x_wconf 88' lang='lat' dir='ltr'>quod</span> <span class='ocrx_word' id='word_1_214' title='bbox 1087 3599 1178 3675; x_wconf 91' lang='lat' dir='ltr'>tanti</span> <span class='ocrx_word' id='word_1_215' title='bbox 1206 3600 1274 3676; x_wconf 81' lang='lat' dir='ltr'>viri</span> 
     </span>
     <span class='ocr_line' id='line_1_31' title="bbox 271 3708 1274 3814; baseline 0 -25"><span class='ocrx_word' id='word_1_216' title='bbox 271 3714 444 3814; x_wconf 84' lang='lat' dir='ltr'>magnalia</span> <span class='ocrx_word' id='word_1_217' title='bbox 463 3708 632 3788; x_wconf 89' lang='lat' dir='ltr'>nasciture</span> <span class='ocrx_word' id='word_1_218' title='bbox 655 3713 850 3814; x_wconf 82' lang='lat' dir='ltr'>preoptatis</span> <span class='ocrx_word' id='word_1_219' title='bbox 866 3712 1058 3814; x_wconf 87' lang='lat' dir='ltr'>posteritati</span> <span class='ocrx_word' id='word_1_220' title='bbox 1075 3713 1274 3789; x_wconf 84' lang='lat' dir='ltr'>litterarum</span> 
     </span>
    </p>
   </div>
   <div class='ocr_carea' id='block_1_3' title="bbox 311 3858 1235 4034">
    <p class='ocr_par' dir='ltr' id='par_1_3' title="bbox 311 3858 1235 4034">
     <span class='ocr_line' id='line_1_32' title="bbox 312 3858 1235 3956; baseline 0.002 -17"><span class='ocrx_word' id='word_1_221' title='bbox 312 3880 323 3920; x_wconf 85' lang='lat'>1</span> <span class='ocrx_word' id='word_1_222' title='bbox 346 3881 432 3940; x_wconf 62' lang='lat' dir='ltr'>Mae.</span> <span class='ocrx_word' id='word_1_223' title='bbox 447 3881 483 3939; x_wconf 77' lang='lat' dir='ltr'>vr.</span> <span class='ocrx_word' id='word_1_224' title='bbox 499 3898 526 3953; x_wconf 86' lang='lat'>2,</span> <span class='ocrx_word' id='word_1_225' title='bbox 543 3895 569 3956; x_wconf 84' lang='grc' dir='ltr'>ς.</span> <span class='ocrx_word' id='word_1_226' title='bbox 840 3858 874 3919; x_wconf 66' lang='lat'>‘²</span> <span class='ocrx_word' id='word_1_227' title='bbox 894 3879 957 3951; x_wconf 61' lang='lat' dir='ltr'>rm</span> <span class='ocrx_word' id='word_1_228' title='bbox 979 3879 1127 3951; x_wconf 67' lang='lat' dir='ltr'>nunno,</span> <span class='ocrx_word' id='word_1_229' title='bbox 1143 3877 1235 3941; x_wconf 76' lang='lat' dir='ltr'>ont.</span> 
     </span>
     <span class='ocr_line' id='line_1_33' title="bbox 311 3959 1176 4034; baseline -0.001 -14"><span class='ocrx_word' id='word_1_230' title='bbox 311 3960 324 4000; x_wconf 78' lang='lat'><strong>⁸</strong></span> <span class='ocrx_word' id='word_1_231' title='bbox 344 3961 456 4030; x_wconf 84' lang='lat' dir='ltr'><strong>H.M.;</strong></span> <span class='ocrx_word' id='word_1_232' title='bbox 477 3959 713 4030; x_wconf 70' lang='lat' dir='ltr'>memorabilibus,</span> <span class='ocrx_word' id='word_1_233' title='bbox 728 3959 767 4019; x_wconf 91' lang='lat' dir='ltr'>G.</span> <span class='ocrx_word' id='word_1_234' title='bbox 859 3961 871 4000; x_wconf 88' lang='lat'><strong>⁴</strong></span> <span class='ocrx_word' id='word_1_235' title='bbox 892 3960 1006 4032; x_wconf 80' lang='lat' dir='ltr'><strong>H.M.;</strong></span> <span class='ocrx_word' id='word_1_236' title='bbox 1027 3962 1119 4034; x_wconf 80' lang='lat' dir='ltr'>nostri,</span> <span class='ocrx_word' id='word_1_237' title='bbox 1136 3959 1176 4019; x_wconf 92' lang='lat' dir='ltr'>G.</span> 
     </span>
    </p>
   </div>
   <div class='ocr_carea' id='block_1_4' title="bbox 0 0 1494 5136">
    <p class='ocr_par' dir='ltr' id='par_1_4' title="bbox 0 0 1494 5136">
     <span class='ocr_line' id='line_1_34' title="bbox 0 0 1494 5136; baseline 0 0"><span class='ocrx_word' id='word_1_238' title='bbox 0 0 1494 5136; x_wconf 95' lang='lat' dir='ltr'> </span> 
     </span>
    </p>
   </div>
  </div>
 </body>
</html>
