3000 5152
391 281 479 361 Vita
510 276 674 362 Haroldi
698 279 826 390 Regis.
1057 307 1105 390 33

104 491 192 575 dum
217 489 364 564 talibus:
391 489 578 565 estimabat.
631 490 733 564 Talia
760 506 985 565 veromente
1013 514 1111 563 com-

104 608 256 704 punctus
289 603 484 704 proferebat
522 629 594 678 non
638 629 761 678 eorum
809 631 877 704 que
921 602 1111 704 pertulisset

104 716 493 817 erumpnam1deflens:
512 715 561 792 set
572 717 781 819 illiusquam
792 715 1112 817 aderumpnarum²

106 828 246 905 suarum
270 831 429 907 levamen
457 830 657 932 percepisset
683 828 929 907 consolacionis
945 848 981 905 et
997 831 1111 932 gracie

106 942 293 1043 spiritualis
305 945 529 1021 memoriam:
548 970 629 1019 cum
642 945 730 1019 mira
746 945 929 1021 dulcedine
942 949 1109 1020 eructans.

159 1058 243 1133 Hec
260 1061 305 1135 de
321 1060 388 1134 viri
406 1060 500 1135 istius
517 1061 591 1136 vita
607 1075 644 1135 et
672 1059 830 1134 moribus
853 1086 925 1134 non
942 1057 1112 1160 superflue

107 1190 150 1249 ut
166 1174 363 1251 estimamus
375 1179 502 1279 pagine
511 1177 720 1254 videbantur
737 1174 915 1253 inserenda
927 1235 935 1251 .
947 1177 1113 1278 quatinus

108 1315 152 1363 ex
163 1287 338 1365 sanctitate
350 1292 507 1392 alumpni
517 1291 685 1392 liquidius
695 1290 1023 1393 docentur⁸quante
1034 1317 1114 1391 per-

108 1401 431 1481 feccionisculmine
442 1404 659 1479 conversacio
672 1406 832 1479 claruerit
851 1404 900 1479 sui
920 1405 1111 1480 nutritoris.

110 1516 187 1590 Hic
204 1518 248 1593 dc
270 1518 436 1594 Haroldo
453 1519 670 1594 mencionem
683 1516 810 1593 faciens
828 1545 899 1593 non
917 1519 1016 1593 aliter
1032 1544 1114 1593 eum

109 1656 218 1731 quam
234 1632 419 1707 dominum
446 1631 547 1708 suum
573 1631 802 1706 nominabat.
822 1631 934 1733 ipsum
961 1630 1116 1733 profecto

111 1741 147 1817 se
164 1759 352 1844 patronum
369 1744 494 1821 habere
520 1745 557 1820 in
574 1746 649 1820 celo
666 1746 824 1820 exultans
840 1771 948 1846 quem
974 1771 1117 1846 precep-

110 1874 224 1933 torem
254 1859 292 1933 iu
320 1862 456 1936 mundo
483 1859 662 1934 habuisset.
715 1859 783 1933 Per
813 1859 907 1934 hunc
936 1859 1046 1961 igitur
1075 1876 1116 1933 ut

111 1973 313 2074 premissum
342 1974 391 2049 est
423 2033 431 2049 .
460 1993 496 2049 et
525 1976 611 2049 alios
639 1975 700 2075 qui
730 1976 847 2050 virum
877 1976 946 2049 Dei
974 1976 1117 2077 viteque

111 2087 215 2186 ipsius
232 2087 428 2162 institutum
441 2088 648 2187 variumque
664 2114 730 2189 pro
746 2087 831 2162 locis
848 2105 884 2162 et
901 2088 1119 2189 temporibus

113 2198 239 2274 statum
255 2219 485 2303 agnoverant:
503 2228 543 2276 ea
560 2227 629 2302 quc
648 2200 808 2276 secuntur
825 2218 1024 2301 comparata
1040 2200 1119 2276 sunt

109 2330 147 2388 et
164 2315 319 2416 vulgata.
372 2316 519 2390 Horum
546 2316 705 2390 nonnulli
725 2317 822 2417 quod
847 2313 918 2416 ipse
936 2315 1121 2392 Haroldus

111 2425 209 2528 ipse⁴
225 2431 405 2529 quondam
436 2430 472 2503 in
502 2429 697 2505 diademate
727 2428 898 2530 gloriosus
927 2428 1008 2503 esset
1033 2430 1121 2504 dum

112 2544 246 2618 viveret
273 2541 465 2617 nescierunt
483 2541 754 2617 conversacionis
771 2560 888 2617 tamen
914 2542 1007 2616 illius
1022 2542 1122 2617 testes

114 2655 256 2732 suerunt
284 2715 292 2730 .
319 2673 354 2731 et
373 2656 500 2758 quibus
517 2655 685 2757 deguisset
716 2657 753 2730 in
776 2657 861 2731 locis
887 2683 930 2731 ex
948 2682 1021 2758 quo
1043 2655 1123 2730 soli-

110 2771 237 2845 tariam
261 2771 298 2844 in
315 2771 449 2872 Anglia
473 2771 575 2846 duxit
592 2769 701 2844 vitam
728 2771 863 2869 plenius
890 2787 1120 2870 agnoverunt.

112 2884 246 2959 Mundi
280 2910 431 2984 namque
458 2885 607 2986 gloriam
633 2883 733 2985 cujus
758 2885 795 2958 in
821 2882 929 2986 seipso
952 2884 1123 2987 ignobiles

111 3013 146 3071 et
188 2996 354 3098 lugubres
393 2997 507 3071 exitus
553 3014 716 3096 expertus
760 2996 890 3072 fuisl‘ct-
921 2998 1124 3074 medullitus

111 3109 406 3210 perhorcesscens⁵
432 3109 614 3212 postqfflm
635 3112 672 3184 in
697 3130 788 3185 terra
811 3112 897 3186 olim
923 3109 982 3186 sua
1004 3112 1122 3186 vivete

111 3221 260 3297 instituit
279 3279 287 3297 .
306 3248 435 3297 nomen
452 3223 512 3297 sibi
530 3249 663 3296 novum
681 3223 751 3324 ipse
775 3223 939 3325 imposuit
959 3281 967 3298 .
986 3223 1122 3298 habita·

110 3335 220 3410 cionis
238 3362 379 3438 quoque
396 3338 472 3410 loca
489 3363 533 3411 ne
551 3337 630 3438 quis
642 3335 724 3411 essct
742 3338 798 3411 cui
812 3337 971 3436 quolibet
989 3355 1119 3412 eventu

18 3487 22 3506 ι
112 3452 317 3549 proderetur
333 3475 405 3525 non
423 3450 525 3525 semel
542 3451 702 3525 mutavit.
737 3452 870 3525 Verum
888 3452 951 3525 hec
969 3449 1118 3526 scriatim

112 3561 254 3638 inferius
264 3561 512 3665 prosequemur
522 3564 548 3639 :⁶
566 3589 658 3638 nunc
669 3590 689 3637 a
701 3564 916 3665 digressionis
929 3565 1061 3640 excessu
1074 3566 1119 3642 ad
1131 3579 1182 3640 so

113 3679 272 3755 ordinem
293 3697 391 3779 cepte
408 3680 617 3754 narracionis
639 3678 716 3754 stilo
733 3698 890 3755 currente
907 3682 1119 3757 accedamus.

130 3818 164 3861 ‘¹
186 3820 538 3893 HM.;aeru1nna1n,G.
653 3820 797 3893 ²H.M.;
818 3843 1016 3896 erumnarum,
1031 3824 1070 3886 G.

151 3901 248 3974 ⁸1·L;
268 3903 417 3974 docentur,
433 3903 505 3975 M.;
525 3904 669 3975 doceatur,
685 3903 724 3964 G.

152 3983 167 4024 ⁴
187 3983 249 4054 H.;
269 3985 319 4046 the
335 3983 437 4045 second
450 3987 502 4064 ipse
514 3985 644 4056 omitted,
660 3985 746 4046 ΜΟ.

152 4063 166 4106 ⁶
187 4064 277 4129 HM.
288 4090 299 4136 ς
319 4065 542 4144 perhorrescens,
557 4065 599 4128 G.
659 4065 673 4106 ⁶
692 4066 734 4126 H.
744 4092 754 4136 ;
775 4066 988 4149 persequemur,
1006 4069 1096 4130 ΜΕ.

606 4171 629 4218 D
