3000 5152
156 199 161 212 ‘
228 186 296 271 :68¹
528 188 618 267 Vita
647 187 813 268 Haroldi
837 188 965 296 Regis.

149 405 151 408 ’
196 450 199 455 -
247 466 249 470 ,
292 395 402 470 Tanti
432 393 578 495 hospitis
607 394 817 471 consciencia
843 399 926 473 fisus
956 395 1191 471 Christianum
1215 394 1249 469 se

241 510 357 583 voluit
388 507 560 583 nominari
586 568 594 584 .
617 528 657 584 ut
685 510 716 584 ei
745 511 875 585 unione
895 511 972 612 jam
995 509 1135 610 spiritus
1162 534 1248 582 con-

235 620 392 722 junctus¹
406 623 652 698 communione
663 623 822 698 uniretur
831 623 938 699 etiam
949 621 1125 697 vocabuli:
1140 647 1247 722 quem

241 732 274 808 se
291 734 546 810 inhabitantem
562 737 600 810 in
617 735 650 810 se
667 736 781 837 loqui:
807 737 844 811 in
862 735 894 810 se
906 752 1050 810 noverat
1063 753 1099 809 et
1110 735 1246 834 operari

240 846 279 920 in
296 845 328 922 se
345 863 381 922 et
400 848 483 946 pati.
536 848 633 922 Nam
649 867 686 939 et
704 849 794 923 illud
811 850 916 925 corde
932 847 992 922 srbi
1012 905 1020 922 .
1040 873 1145 947 opere
1162 872 1247 920 vero

160 978 162 982 “
240 961 348 1035 etiam
364 960 467 1034 nobis
484 986 565 1036 cum
584 963 697 1036 Paulo
714 961 947 1063 loquebatur:
968 959 1248 1057 Omnia²poffiam

240 1077 405 1173 incoqui
422 1099 471 1148 me
482 1076 664 1171 confortat.
701 1076 789 1149 Non
800 1076 842 1149 sic
860 1075 959 1174 impii
979 1133 987 1149 .
1007 1100 1079 1147 non
1096 1074 1139 1146 fic
1156 1099 1248 1174 quos

172 1273 173 1276 Ἴ
240 1176 877 1288 hoffisversrpellishostisdejicienset
890 1188 1044 1290 dejectus
1058 1186 1248 1261 ,sicarmat

239 1317 281 1394 ut
298 1301 448 1400 perimat
464 1301 507 1374 src
524 1301 666 1375 roborat
682 1319 724 1375 ut
741 1317 894 1376 enervet.
946 1304 1062 1375 Docet
1078 1299 1173 1373 enim
1183 1324 1249 1372 vos

239 1441 369 1515 ponere
386 1439 525 1489 carnem
541 1415 722 1488 brachium
740 1415 891 1489 vestrum
914 1430 955 1488 ut
976 1414 1115 1488 recedat
1130 1439 1151 1486 a
1167 1415 1249 1486 Deo

119 1520 121 1525 ’
239 1553 301 1602 cor
317 1528 469 1602 vestrum
485 1545 527 1601 ut
540 1527 610 1601 sitis
627 1529 711 1602 sicut
724 1529 855 1626 myrice
868 1529 1032 1601 florentes
1045 1544 1080 1601 et
1095 1525 1246 1599 steriles.

239 1639 472 1740 habitetisque
513 1666 607 1714 nunc
648 1641 687 1715 in
727 1659 820 1715 terra
855 1639 1032 1741 salsuginis
1073 1665 1144 1741 que
1179 1637 1249 1713 suis

239 1752 396 1828 fructum
430 1754 627 1829 cultoribus
667 1782 739 1829 non
774 1755 939 1855 producit
974 1755 1050 1854 post
1082 1755 1119 1828 in
1154 1771 1248 1827 terra

239 1866 478 1941 inhabitabili:
505 1894 576 1968 que
592 1866 661 1942 suis
679 1868 800 1943 incolis
817 1869 973 1968 requiem
987 1893 1059 1940 non
1074 1865 1246 1940 concedit.

240 1980 283 2053 ln
299 1979 476 2053 hac·enim
493 1996 606 2054 terra:
634 1979 747 2054 solum
764 1978 994 2080 sempiternus
1006 1981 1130 2053 horror
1147 1979 1248 2052 inha-

239 2091 340 2166 bitat.
393 2092 486 2189 Quis
515 2092 611 2166 enirn
641 2092 813 2166 habitabit
840 2118 922 2167 curn
952 2092 1034 2190 igne
1057 2092 1249 2164 devorante

239 2221 301 2278 aut
334 2205 414 2304 quis
448 2205 620 2279 habitabit
659 2230 740 2279 cum
782 2204 965 2280 ardoribus
1007 2202 1246 2304 sempiternis?

240 2318 382 2416 Quibus
399 2318 533 2393 tamen8
551 2319 731 2419 postremis
747 2318 863 2393 verbis
884 2317 1096 2417 propheticis
1119 2316 1249 2417 absque
1293 2337 1300 2349 ⁴

240 2427 402 2502 abusione
419 2428 601 2503 abutimur
619 2485 627 2501 .
647 2428 784 2529 ignium
808 2453 879 2501 non
900 2424 1086 2500 nescientes
1107 2426 1250 2501 diversi-

239 2559 381 2616 tatem.
410 2565 566 2640 quorum
593 2540 654 2615 iste
672 2557 868 2640 peccatores
894 2541 962 2613 sine
979 2537 1250 2638 consumpcione

172 2684 173 2687 ¹
241 2652 414 2729 consumit
445 2711 455 2728 .
485 2653 543 2729 ille
573 2670 713 2754 peccata
743 2651 979 2727 consumendo
1015 2669 1251 2751 ‚peccatores

236 2767 428 2870 justificans
461 2767 637 2841 illuminat
671 2767 800 2866 pariter
833 2782 870 2841 et
911 2765 1079 2840 accendit.
1148 2765 1249 2862 Quid

242 2896 361 2954 autern
389 2880 492 2955 nobis
517 2881 565 2955 est
594 2881 639 2956 de
669 2879 736 2953 hiis
758 2879 820 2979 qui
848 2878 932 2952 foris
961 2877 1041 2952 sunt
1067 2878 1166 2978 loqui
1192 2879 1250 2951 vel

237 2991 397 3093 judicare
428 3049 437 3066 .
466 2993 527 3092 qui
557 2992 731 3066 ecclesiam
766 2992 877 3064 immo
914 2991 1066 3064 ecclesias
1097 2990 1251 3064 exterius

243 3105 388 3206 quidem
413 3106 555 3204 rapiunt
574 3122 610 3178 et
630 3103 804 3203 diripiunt
822 3161 831 3177 .
846 3102 895 3178 set
921 3103 1017 3178 intus
1035 3129 1098 3177 nec
1116 3103 1251 3177 intrant

243 3242 307 3292 nec
335 3217 532 3291 inhabitant
552 3216 693 3290 vineam
722 3216 867 3316 quidem
897 3214 1045 3289 Domini
1073 3213 1220 3290 Saboth⁴
1239 3271 1256 3295 e

244 3356 310 3431 pro
332 3329 426 3429 posse
445 3329 507 3405 suo
531 3328 786 3406 vindemiantes
809 3345 845 3403 et
868 3327 1109 3405 succidentes.
1133 3327 1182 3402 set
1206 3328 1251 3402 ab

242 3444 319 3546 ejus
335 3443 470 3518 cultore
481 3442 558 3543 jam
575 3441 637 3542 ipsi
654 3442 772 3543 precisi
796 3499 804 3516 .
829 3458 865 3516 et
890 3442 952 3516 nist
973 3440 1166 3541 resipiscant
1184 3497 1193 3515 .
1212 3440 1252 3515 in

242 3557 362 3660 ignem
379 3573 539 3630 eternum
556 3555 593 3630 in
612 3561 742 3655 puncto
758 3555 946 3631 mittendi?
999 3554 1151 3630 Verum⁵
1168 3554 1253 3653 quia

323 3751 335 3791 ¹
355 3751 466 3822 H.M.;
487 3752 662 3829 cunjunctun,
677 3750 717 3811 G.
831 3747 845 3789 ¹
866 3749 969 3828 Philip.
982 3750 1019 3810 iv.
1039 3767 1083 3826 13.

322 3831 336 3872 s
356 3833 468 3912 H.M.;
489 3847 574 3954 αιτιοι,
589 3832 632 3974 g
642 3937 652 3983 ἦ
674 3912 791 3985 ΠΜ,
807 3830 925 3976 dogm
947 3831 1081 3904 Sabaoth,
1097 3831 1184 3893 ΜΩ.
