3000 5152
251 278 301 361 32
533 249 623 331 Vita
653 248 818 332 Haroldi
843 249 971 358 Regis.

246 459 413 534 valuillet.
450 460 523 557 Qui
542 486 624 535 cum
641 459 832 534 rusticanus
849 459 930 534 ell‘et
944 475 979 535 et
996 457 1107 533 totius
1122 459 1255 560 eloquii

246 572 386 646 alterius
396 599 502 673 quam
515 574 658 674 Anglici
677 574 829 648 nescius1
849 631 858 648 .
877 572 1071 647 mirabilem
1088 571 1254 646 tenebat.

245 702 281 759 et
306 685 490 759 amabilem
507 687 551 760 de
579 687 757 787 religionis
779 676 924 760 summa
938 712 1072 787 proque
1090 685 1256 785 ydioma²

246 795 308 874 suo
324 799 517 872 luculenter
534 797 729 898 proferebat
746 797 955 873 sentenciam
974 855 982 872 .
1001 816 1043 873 ut
1059 800 1103 874 de
1121 797 1255 898 meipso

245 910 357 987 aiebat
388 969 397 986 .
428 914 527 1013 quod
556 911 669 988 sencio
696 914 811 989 dicam
845 914 882 988 in
917 911 1091 1013 paciencia
1124 928 1160 986 et
1194 910 1254 1012 spe

244 1021 362 1098 salutis
386 1050 462 1100 mee
490 1023 662 1101 summam
691 1042 780 1126 puto
814 1025 1001 1101 consistere.
1054 1023 1253 1100 Subiciebat

244 1154 376 1237 quanta
393 1137 588 1214 ostendillet
601 1139 661 1213 srbi
672 1139 850 1214 Dominus
861 1136 1108 1214 tr'ibulaciones
1123 1139 1255 1241 multas

244 1268 280 1325 et
290 1276 435 1353 magnas
448 1308 457 1327 .
469 1278 646 1353 quamque
659 1253 846 1328 clementer
858 1250 1042 1328 conversus
1051 1251 1253 1328 vivificall'et

244 1360 277 1438 se
296 1421 305 1437 .
323 1382 359 1437 et
377 1391 483 1466 quam
499 1366 545 1441 de
561 1364 695 1439 abiffis⁸
719 1381 809 1440 terre
826 1384 987 1467 potenter
1004 1364 1189 1440 reduxisset
1206 1363 1250 1440 se.

244 1477 471 1553 Interserebat
491 1496 527 1554 et
539 1498 670 1582 quanta
681 1480 794 1581 pall'us
805 1481 887 1555 ellet
904 1481 941 1554 in
959 1505 1104 1580 corpore
1120 1497 1252 1581 quanta

244 1589 281 1665 in
298 1609 416 1666 mente
432 1619 686 1668 connumerans
702 1611 738 1668 et
762 1593 977 1694 distinguens
994 1590 1173 1695 utriusque
1187 1594 1253 1669 de-

243 1701 352 1778 fectus
379 1704 532 1779 hominis
556 1723 592 1780 et
609 1707 724 1782 varios
740 1706 882 1782 affeetus
898 1708 1091 1782 demonum
1108 1704 1251 1781 all'ultua
1306 1724 1309 1730 “

101 1849 108 1862 ·
243 1815 423 1916 improbos
449 1875 458 1893 .
484 1845 558 1893 non
574 1844 711 1919 sparum
735 1846 878 1921 quoque
898 1820 1038 1895 acerbos
1062 1820 1250 1895 hominum

243 1928 400 2005 insultus.
464 1931 700 2033 Addebatque
726 1933 817 2008 inter
843 1934 907 2008 hec
935 1934 1053 2008 omnia
1071 1932 1149 2034 jam
1170 1932 1248 2034 jam

243 2046 349 2143 paulo
365 2043 481 2119 minus
498 2044 714 2146 naufraganti
739 2044 809 2120 sola
825 2045 950 2121 misero
975 2046 1083 2121 michi
1111 2045 1186 2147 spes
1211 2046 1248 2121 in

241 2158 408 2232 crucifixo
425 2185 490 2258 pro
506 2159 656 2234 anchora
672 2158 761 2234 fuit.
778 2186 847 2261 qua
863 2159 1009 2235 firmiter
1025 2158 1119 2234 nisus
1129 2160 1249 2235 onmia

245 2272 320 2373 post
346 2273 525 2348 modicum
554 2273 648 2374 quasi
672 2273 711 2348 in
739 2271 897 2374 spumam
926 2290 962 2348 et
989 2271 1142 2349 favillam
1167 2300 1251 2349 eva·

244 2386 352 2460 nuille
382 2387 454 2462 vidi
484 2412 555 2488 que
583 2388 689 2486 paulo
718 2404 798 2460 ante
828 2386 900 2487 ipsa
932 2405 1046 2462 morte
1084 2387 1249 2462 intolera-

244 2497 367 2574 biliora
382 2499 479 2575 duxi.
530 2499 829 2600 Verumptamen⁴
845 2501 931 2574 tales
947 2500 1063 2602 inquit
1080 2526 1119 2574 ac
1135 2516 1264 2575 tantas*

243 2610 383 2687 sustinui
400 2613 605 2688 afflicciones
621 2615 732 2688 carnis
759 2670 767 2687 .
790 2639 834 2688 ex
850 2639 924 2714 quo
941 2639 1068 2714 corpus
1083 2613 1247 2691 miserum

88 2736 92 2749 '
243 2741 411 2826 tanquam
443 2724 551 2800 feram
585 2726 834 2809 indomabilem
870 2727 976 2828 hujus
1010 2727 1148 2828 inquo
1179 2726 1248 2802 live

243 2839 386 2912 carceris
410 2839 529 2912 inclusa
545 2839 709 2940 angustiis
726 2857 766 2913 ut
791 2837 1156 2942 inexpertusquisque
1179 2838 1248 2915 fer*

197 3007 199 3010 ψ
241 2977 337 3026 ream
354 2951 534 3026 materiam
551 2953 618 3027 sive
635 2952 807 3054 lapideam
831 2954 891 3028 vix
907 2979 1078 3055 umquam
1094 2955 1248 3030 crederet

242 3080 339 3139 tanta
355 3066 479 3140 durare
495 3065 646 3139 valuiffe.
905 3131 908 3137 ,

293 3177 376 3253 Hec
393 3179 450 3253 ille
468 3204 540 3271 non
560 3177 793 3279 jactabundus
810 3182 854 3256 de
872 3178 906 3254 se
922 3178 997 3280 ipso
1014 3197 1050 3254 et
1072 3179 1250 3255 laboribus

243 3288 311 3365 suis
345 3316 411 3391 pro
439 3291 577 3365 Christo
607 3291 655 3365 set
689 3293 904 3368 memorabat
932 3293 1161 3368 animandum
1191 3318 1249 3366 me

243 3404 334 3479 inter
367 3402 439 3504 ipsa
472 3403 633 3479 videlicet
666 3405 829 3504 tyrocinii
858 3403 1045 3507 spiritualis
1070 3405 1250 3505 inexperta

243 3517 430 3591 certamina
447 3519 679 3618 trepidantem
697 3535 865 3620 tanquam
879 3519 1043 3593 emeritus
1055 3518 1132 3619 jam
1150 3518 1251 3592 miles

243 3630 374 3731 proprii
401 3628 534 3707 sudoris
558 3629 717 3706 familiari
747 3631 987 3734 experimento
1014 3659 1053 3706 ac
1081 3632 1251 3707 roboran-

283 3764 295 3806 ¹
315 3765 441 3862 written
456 3765 538 3825 twice
552 3766 582 3825 in
596 3766 637 3827 H.
651 3790 661 3838 ς
682 3767 731 3825 the
746 3765 801 3826 first
815 3765 894 3825 word
908 3766 957 3827 hat
973 3786 990 3825 a
1005 3786 1062 3844 pen
1081 3765 1138 3826 line
1152 3765 1250 3826 drawn

243 3848 580 4008 thr’ml-ll3¹tbdiorna[te],
596 3928 662 3999 M.;
682 3928 826 4000 idiomate,
841 3928 881 3989 G.

282 4009 296 4049 ⁸
316 4010 427 4081 HM.;
446 4010 551 4089 abyllia,
567 4010 606 4071 G.
768 4010 781 4048 ⁴
803 4009 914 4082 H.M.;
933 4023 1138 4084 verumtamen,
1152 4008 1192 4072 G.
