3000 5152
528 295 618 377 Vita
647 292 813 377 Haroldi
837 293 966 402 Regis.
1196 316 1218 370 2
1224 313 1245 394 ς

241 521 340 578 erant
373 504 561 579 duodecim
595 528 710 576 marce
745 501 820 574 auri
848 558 856 574 .
884 503 984 575 Duas
1017 523 1137 597 capas:
1163 520 1250 570 auro

241 615 457 718 gemmisque
475 632 613 689 ornatas
640 673 648 689 .
677 615 847 715 Quinque
859 615 999 688 calices:
1025 613 1115 686 duos
1127 635 1250 684 aureos

240 747 373 804 ceteroe
389 746 571 831 argenteos
598 785 607 802 .
635 730 799 826 Quatuor
824 728 943 800 altaria
967 751 1049 799 cum
1073 725 1248 825 reliquiis:

240 869 393 943 quorum
421 869 533 918 unum
559 868 703 917 aureum
737 859 849 916 cetera
876 856 1039 942 argentee
1072 840 1246 915 deaurata.

241 958 369 1045 Unum
386 982 495 1031 cornu
520 956 696 1030 vinacium
721 971 952 1055 argenteum.
971 969 1113 1028 centum
1130 949 1248 1027 solidis

240 1087 484 1170 computatum
512 1125 520 1144 .
547 1072 681 1144 Decem
703 1068 903 1168 philasteria
929 1123 939 1140 .
965 1091 1078 1140 unum
1094 1090 1247 1167 quorum

240 1181 286 1258 de
318 1181 456 1258 duabus
494 1183 619 1257 marcis
657 1182 754 1257 auri:
791 1198 826 1256 et
860 1179 1010 1282 genimis
1043 1179 1201 1279 preciosis
1236 1234 1245 1253 .

241 1311 373 1371 cetera:
398 1321 484 1370 auro
516 1311 731 1398 argentoque
765 1311 883 1394 parata
909 1349 917 1368 .
946 1295 1046 1368 Duas
1072 1290 1249 1366 sambucas

241 1407 337 1483 sellas
365 1407 551 1485 femineas:
576 1435 621 1484 ex
649 1410 764 1482 multo
796 1433 883 1483 auro
907 1405 1087 1481 fabricatas
1112 1460 1122 1479 .
1148 1406 1249 1478 Duas

241 1517 443 1621 campanas:
470 1519 673 1621 preciosas.
701 1520 784 1595 Hec
818 1535 853 1594 et
887 1520 953 1594 alia
979 1519 1151 1619 permulta
1176 1520 1337 1618 que2⁶¹²

241 1635 390 1735 longum
431 1633 513 1709 esset
554 1633 679 1709 referre
722 1690 732 1707 .
776 1658 915 1734 queque
958 1634 1247 1708 Nonnannorum
1471 1649 1472 1653 ’

241 1745 392 1820 ambicio
432 1745 714 1846 incomparabilia
754 1744 925 1820 estimaret
967 1801 976 1819 .
1016 1745 1144 1824 devote
1185 1768 1248 1843 per

241 1857 447 1934 Haroldum
472 1857 585 1934 sanete
609 1859 702 1934 cruci
732 1859 848 1934 oblata
874 1875 909 1933 et
934 1884 997 1959 per
1025 1857 1246 1932 Willelmum

241 1970 409 2047 invidiose
441 1971 631 2047 noscuntur
665 1972 788 2047 ablata.
841 1972 969 2073 Hujus
1000 1987 1118 2046 tamen
1152 1970 1248 2044 abla-

129 2092 131 2099 “
240 2083 351 2158 cionis
368 2085 536 2161 invidiam
562 2084 794 2185 perfimuoria
811 2087 962 2186 quadam
979 2085 1071 2159 visus
1087 2083 1136 2159 est
1152 2083 1247 2160 idem

184 2248 187 2253 -
242 2198 442 2272 Willelmus
462 2198 743 2299 compensacione
769 2200 917 2299 pullialle
942 2201 1026 2274 sicut
1044 2199 1249 2298 inscriptum

175 2323 178 2327 ’
241 2311 300 2384 illa
317 2313 453 2410 plenius
468 2312 619 2388 refertur.
631 2339 701 2414 qua
723 2315 769 2388 de
785 2313 990 2387 invencione
1007 2311 1118 2387 sans'ce
1135 2310 1249 2411 sepius

243 2442 433 2499 memorate
461 2427 572 2501 crucis
595 2426 723 2502 edita.
751 2427 911 2502 ordinem
936 2451 1079 2526 quoque
1105 2451 1179 2525 quo
1203 2425 1248 2500 ad

185 2565 189 2570 ·
242 2538 424 2612 Waltham
441 2540 571 2639 perlata
596 2539 644 2614 est
661 2540 733 2639 ipsa
748 2567 854 2615 crux:
879 2541 1073 2615 luculenter
1090 2539 1247 2614 insinuat.

243 2649 320 2723 Ubi
337 2651 446 2725 eciam
464 2679 532 2753 que
558 2670 592 2726 et
610 2654 834 2753 quanta'loco
851 2650 967 2726 sancto
983 2653 1049 2726 sive
1067 2652 1104 2726 in
1121 2651 1250 2752 prediis

227 2781 277 2837 et
299 2765 403 2838 variis
427 2765 634 2841 redditibus1
656 2767 723 2840 sive
745 2767 782 2841 in
802 2766 905 2841 rebus
928 2766 1180 2866 multiplicibus
1204 2766 1249 2842 ad

243 2877 470 2953 ministerium
503 2879 558 2953 vel
588 2897 752 2954 umatum
786 2881 920 2955 ecclesie
954 2879 1208 2979 pertinentibus
1238 2935 1248 2954 .

242 2990 391 3066 mirabili
431 2993 634 3067 devocionis
675 2995 797 3068 ardore
837 2994 1024 3068 contulerit
1058 2993 1113 3068 vir
1147 2993 1248 3094 pius:

243 3104 379 3204 plenius
403 3093 586 3203 reperitur'
597 3106 801 3206 expressum.
854 3107 950 3181 Nam
975 3107 1059 3207 quia
1085 3106 1181 3181 stilus
1205 3107 1250 3183 ad

243 3243 283 3291 ea
307 3233 470 3317 properat
497 3219 791 3318 explicandaque
815 3220 930 3293 cultor
954 3221 1065 3294 crucis
1089 3221 1186 3321 gessit
1211 3246 1250 3295 ac

244 3331 387 3430 pertulit
405 3331 588 3432 postquam
606 3331 768 3431 seipsum
784 3334 822 3407 in
839 3334 1075 3408 holocaustum
1092 3335 1252 3409 Domino

246 3442 477 3519 suaviffimum
506 3444 653 3545 optulit²
680 3447 805 3520 tollens
826 3446 902 3547 jam
930 3448 1088 3547 quotidie
1112 3473 1251 3523 crucem

162 3617 168 3625 .
246 3555 394 3631 suamet
415 3557 593 3632 Christum
621 3557 793 3659 sequens.
812 3586 920 3659 pauca
945 3561 989 3636 de
1015 3559 1252 3661 hiis⁸perstri-

245 3672 363 3771 gendo
380 3670 560 3746 referimus
576 3699 646 3773 que
662 3674 706 3748 de
731 3672 835 3748 rebus
851 3671 919 3750 suis
935 3675 1032 3749 velut
1049 3672 1251 3750 sacrificium

246 3806 432 3948 'ozd'HMq
451 3809 596 3882 reditibus,
611 3810 673 3881 G.;
694 3810 749 3871 and
771 3809 801 3870 so
820 3811 921 3891 alviyi
937 3812 968 3872 lu
989 3813 1038 3872 the
1059 3810 1133 3872 ceses
1146 3813 1183 3872 os
1196 3813 1252 3872 thie

284 3967 298 4006 ¹
319 3970 431 4046 H.M.;
451 3971 561 4043 obtulit,
577 3972 639 4042 G.;
659 3972 715 4032 end
729 3971 758 4031 so
771 3974 871 4051 always
892 3973 922 4032 in
936 3974 1106 4033 thevarious
1120 3973 1256 4034 formius

245 4051 301 4111 thir
314 4052 390 4114 verb
676 4053 690 4093 ⁸
710 4054 823 4124 H.M.;
843 4056 883 4126 iia,
898 4054 939 4114 G.
