3000 5152
263 177 315 257 80
484 262 490 272 ‚
544 176 632 256 Vita
662 173 827 256 Haroldi
850 174 977 284 Regis.

260 387 308 462 est
324 387 407 487 quia
424 385 461 460 in
479 387 601 460 multis
618 385 667 460 rei
684 385 812 460 veritas
829 382 1008 459 universos
1024 408 1112 482 pene
1128 376 1266 456 diucius

259 500 375 573 latuit.
428 498 528 572 Hinc
546 499 669 573 odium
687 497 830 598 persone
849 555 857 572 .
876 496 934 571 seu
952 495 1049 569 favor
1066 494 1265 568 benevolis:

258 613 518 687 commentandi
553 612 645 686 bona
675 611 873 686 malevolis:
912 609 1065 683 similiter
1099 609 1190 681 mala
1220 609 1264 683 de

258 724 398 799 incertis
446 725 670 826 configendi:
714 723 859 798 liberam
905 722 1092 797 videbatur
1142 720 1264 793 ceffiffe

256 839 474 913 facultatem.
552 838 639 911 Hiis
682 837 943 913 facundissimus
980 835 1186 935 astipulatur
1227 836 1265 908 in

258 952 407 1026 cronicis
424 950 493 1024 suis
517 951 757 1026 Meldunensrs
784 947 1002 1023 Willelmus¹
1017 947 1268 1048 promittitque

256 1063 289 1138 se
313 1064 468 1139 medium
500 1063 593 1137 inter
619 1063 891 1138 obtreetancium
910 1119 918 1136 .
938 1088 1074 1135 necnon
1101 1078 1137 1135 et
1166 1087 1265 1135 com-

256 1177 503 1250 mendancium
530 1193 645 1276 partes
670 1175 890 1250 incessurum.
943 1173 1163 1250 Crediderim
1181 1200 1265 1273 pro-

256 1290 426 1365 culdubio
462 1288 576 1390 ipsum
614 1316 680 1390 pro
722 1289 855 1363 viribus
888 1287 980 1362 veris
1013 1287 1165 1361 institisse
1200 1314 1263 1362 nec

249 1402 350 1504 justis
367 1403 538 1502 preconiis
556 1459 565 1477 .
584 1428 647 1475 nec
664 1402 848 1502 vituperiis
866 1459 875 1475 .
889 1401 1018 1475 debitis
1034 1400 1262 1500 negociorum

256 1515 379 1588 merita
396 1516 493 1588 ultro
509 1514 735 1590 defraudasse.
787 1516 922 1587 Verum
945 1513 1029 1613 quia
1051 1514 1173 1588 audita
1189 1542 1261 1589 non

255 1627 365 1701 eciam
398 1626 468 1701 visa
511 1626 677 1701 scribebat
719 1627 951 1725 hystoriarum
992 1627 1070 1727 lege
1112 1630 1263 1702 auctoris

255 1741 383 1814 veritas
405 1757 485 1814 tuta
502 1741 549 1814 est
575 1740 636 1813 ubi
662 1741 790 1814 veritas
813 1767 955 1841 quoque
979 1739 1050 1839 ipsa
1066 1741 1261 1841 gestorum:

256 1855 493 1956 naufragatur.
551 1858 673 1932 Alias:
710 1884 774 1931 nec
799 1858 860 1956 ipsr
887 1856 1067 1931 beatissimi
1098 1858 1261 1959 Evange-

255 1969 387 2043 liorum
414 1969 597 2070 scriptores
631 1971 827 2070 periculum
863 1969 1021 2044 falsitatis
1048 1971 1259 2071 effugerant.

253 2083 307 2156 Sic
324 2084 514 2157 Salvatoris
527 2101 625 2183 pater
634 2083 763 2159 dicitur
775 2081 904 2182 Joseph
923 2141 932 2157 .
951 2084 994 2157 ssc
1006 2083 1261 2183 discipulorum

252 2196 398 2295 quidam
416 2194 542 2270 fratres
557 2196 634 2297 ejus
650 2196 858 2296 peculiarius
869 2197 993 2270 ceteris
1006 2197 1259 2273 nominantur.

252 2334 325 2381 non
343 2311 442 2409 quod
460 2335 563 2383 verus
580 2307 637 2384 sed
654 2309 753 2408 quod
777 2308 960 2408 putativus
976 2336 1037 2383 eos
1053 2328 1153 2409 pater
1168 2310 1262 2384 filios

252 2422 411 2496 habuerit
430 2449 502 2497 non
512 2421 659 2522 quidem
671 2424 847 2497 naturales
857 2423 914 2499 sed
926 2449 1048 2523 ponus
1057 2423 1259 2524 adoptivos

170 2531 237 2581 2²¹·
252 2535 422 2608 Secutus
414 2534 525 2635 igitur
541 2535 745 2635 opinionem
762 2552 799 2609 et
816 2562 901 2609 vero
924 2537 1041 2610 minus
1058 2535 1208 2610 assuetus
1224 2553 1261 2610 et

252 2647 311 2720 iste
328 2648 427 2747 quod
443 2674 528 2721 vero
540 2648 618 2776 jam
635 2665 731 2748 patet
749 2647 846 2723 fuisse
863 2649 1085 2748 opposrtum.
1119 2648 1260 2723 historie

251 2757 309 2832 sue
326 2759 520 2858 quamlibet
536 2759 677 2834 veritati
695 2786 761 2860 pro
777 2760 936 2834 viribus
928 2761 1047 2836 mnixe
1058 2761 1260 2862 agnoscitur

251 2872 421 2948 indidisse.
474 2873 642 2948 Ceterum
659 2873 696 2948 in
715 2873 792 2947 aliis
809 2901 878 2974 que
895 2875 940 2949 de
954 2875 1089 2949 meritis
1102 2875 1259 2951 Haroldi

249 2990 306 3062 vel
324 2989 481 3064 moribus
498 3007 606 3090 prout
623 2990 761 3065 animus
779 2991 864 3066 tulit
889 3008 951 3065 aut
977 2990 1069 3065 fama
1095 2990 1259 3092 suggessit

250 3127 356 3176 aureo
398 3128 491 3177 nunc
531 3129 617 3178 vero
658 3106 759 3204 piceo
801 3120 1077 3178 commentatus
1099 3104 1148 3178 est
1182 3105 1260 3179 stilo

249 3215 405 3290 venalius
421 3215 510 3290 forte
526 3217 775 3291 exorbitaverit
791 3243 812 3290 a
827 3218 968 3292 tramite
983 3219 1057 3291 veri
1080 3219 1118 3291 in
1143 3216 1257 3318 ipsum

248 3353 333 3402 vero
346 3328 522 3402 Christum
536 3330 683 3403 Domini
705 3330 964 3403 trunculencius
980 3330 1139 3429 deliquit.
1166 3332 1259 3405 Tres

248 3441 344 3514 enim
368 3441 503 3516 lanceas
531 3443 569 3515 in
598 3441 711 3542 ipsum
737 3443 913 3517 violentus
942 3443 1076 3516 intorsit
1100 3443 1258 3543 ‚quibus

249 3578 322 3627 non
355 3570 429 3628 tam
472 3555 565 3628 illius
598 3553 780 3655 personam
814 3581 921 3656 quam
963 3554 1072 3656 ipsam
1106 3557 1257 3658 contigit

288 3735 300 3775 ¹
315 3737 384 3795 The
393 3737 524 3796 historian
533 3737 659 3797 William
668 3737 908 3816 ostlmelbury.
933 3738 1001 3798 The
1011 3739 1131 3816 passages
1141 3739 1255 3798 alluded

249 3832 278 3874 to
300 3838 346 3877 are
372 3818 401 3876 in
423 3818 466 3877 bis
497 3819 576 3895 Gesta
604 3820 714 3896 Regum,
742 3820 788 3878 ed.
819 3819 928 3897 Hardy,
959 3820 1073 3896 English
1104 3820 1256 3882 Historicsl

248 3899 368 3977 Society,
381 3916 401 3961 s
416 3901 493 3973 vols,
509 3902 571 3973 8v0,
585 3921 633 3980 pp.
650 3911 717 3979 339,
733 3903 875 3979 383-385,
888 3903 1031 3981 408-420.
