3000 5152
532 285 621 365 Vita
651 283 816 366 Haroldi
839 286 968 396 Regis.
1196 287 1246 394 65

244 495 395 595 amplius
428 493 475 569 est
509 495 576 568 Dei
608 511 720 569 morte
754 496 964 596 redemptis:
1001 495 1153 596 preferre
1187 522 1250 570 nec

245 626 410 683 metuunt
428 633 492 682 nec
509 608 726 683 erubescunt.
779 611 943 685 Viderint
966 638 1010 685 ne
1027 610 1118 685 sorte
1130 611 1250 708 jurare

245 722 404 822 cogentis
420 740 456 796 et
483 718 640 796 secuture
657 722 754 796 illius
780 723 990 822 posteritatis
1006 725 1126 823 pocius
1143 749 1250 825 quam

240 834 485 936 juramentum
526 835 728 910 exhibentis
777 837 1025 938 presignaverit
1075 836 1249 938 auspicia:

246 949 350 1023 arbor
366 948 447 1049 ipsa.
499 948 664 1023 Viderint
681 966 717 1023 et
733 948 929 1050 dijudicent
947 968 1067 1025 utrum
1094 952 1142 1024 eis
1167 977 1252 1024 con-

245 1078 351 1161 gruat
369 1088 431 1162 per
447 1089 538 1163 quos
563 1061 751 1137 sanetitatis
769 1063 898 1162 pariter
918 1080 953 1138 et
970 1062 1140 1138 libertatis'
1156 1065 1252 1137 viror

246 1193 283 1248 et
312 1175 415 1276 vigor
444 1176 613 1250 emarcuit
643 1193 679 1249 et
708 1176 851 1249 evanuit
877 1177 1022 1277 antique
1051 1177 1088 1250 in
1118 1179 1252 1278 Anglia

246 1287 382 1361 ecclesie
416 1289 513 1388 quod
548 1288 608 1361 ubi
648 1287 748 1387 regni
792 1285 841 1361 sui
885 1288 1076 1386 primordia
1119 1286 1252 1387 pulsare

247 1418 416 1500 ceperunt
456 1402 596 1503 lignum
638 1401 750 1476 viride
795 1419 832 1474 et
882 1400 1089 1476 frondosum
1140 1399 1253 1477 subito

246 1514 410 1587 exaruit.
430 1513 590 1588 decorem
620 1531 762 1614 repente
792 1512 905 1588 exuit¹
925 1572 934 1588 .
953 1532 988 1587 et
1015 1513 1252 1589 confusibilem

249 1626 365 1700 tenuit
378 1628 589 1701 nuditatem.
643 1629 684 1700 ln
710 1629 805 1701 hunc
832 1628 980 1701 modum
998 1625 1188 1701 secundum
1214 1653 1254 1701 ea
1330 1620 1337 1631 ’

249 1764 320 1837 que
362 1739 517 1813 accidisse
559 1740 727 1813 dicuntur
770 1765 836 1839 pro
878 1766 959 1839 rege
1001 1741 1118 1813 nostro
1151 1740 1254 1813 beato

249 1850 418 1925 Haroldo
445 1854 499 1926 vel
528 1871 652 1925 contra
683 1851 796 1952 ipsum
822 1853 899 1926 aliis
924 1853 966 1925 sic
993 1853 1069 1926 aliis
1096 1879 1182 1927 vero
1211 1853 1253 1925 sic

248 1961 490 2054 sencientibus,
526 1991 589 2038 nos
623 1992 698 2066 que.
723 1965 880 2065 parcium
915 1964 1061 2039 suerunt
1104 1965 1254 2065 tetigisse

248 2075 391 2151 sufficiat
419 2078 646 2152 diffinitivum
673 2079 848 2152 calculum
878 2079 1018 2153 lectoris
1047 2078 1105 2153 seu
1136 2078 1255 2178 potius

247 2195 370 2265 cuneta
393 2188 528 2264 scientis
551 2190 639 2265 Dei:
665 2190 817 2264 examini
841 2194 1079 2266 concedentes.
1132 2193 1258 2288 Quan-

247 2326 328 2379 tum
345 2332 430 2379 vero
458 2306 651 2380 nostrarum
679 2307 848 2380 intererat
866 2306 997 2379 virium
1023 2332 1086 2406 per
1104 2307 1167 2380 hec
1185 2332 1254 2406 que

248 2444 321 2491 non
355 2408 528 2517 superflue
562 2436 604 2494 ut
638 2419 837 2492 estimamus
864 2436 1140 2492 commemorata
1174 2417 1255 2492 sunt

247 2530 381 2631 lapides
415 2529 657 2605 scandalorum
687 2533 731 2605 de
760 2532 816 2604 via
850 2532 977 2605 tollere
1008 2589 1017 2605 .
1046 2549 1082 2605 et
1109 2532 1255 2629 planum

247 2643 315 2716 iter
333 2641 446 2717 facere
463 2643 616 2719 distante
642 2661 683 2718 ut
710 2644 923 2717 confidimus
939 2642 1012 2743 ipsa
1028 2670 1147 2717 rerum
1163 2644 1255 2716 veri-

247 2755 337 2831 tate²
358 2757 475 2831 conati
500 2756 630 2831 sumus.
683 2757 842 2856 Superest
861 2758 939 2858 jam
964 2773 1006 2830 ut
1034 2758 1195 2831 redeunti
1218 2775 1255 2831 et

248 2871 292 2946 de
321 2869 378 2944 via
403 2870 598 2969 longillima
625 2871 781 2944 venienti
808 2871 854 2943 ad
884 2896 949 2943 nos
975 2869 1050 2971 regi
1076 2870 1193 2944 nostro
1218 2888 1254 2944 et

247 3000 397 3082 patrono
422 2983 579 3057 celeriter
596 3008 820 3057 occurramus
841 3001 877 3056 et
894 2982 1097 3082 repatrianti
1115 2984 1151 3057 in
1174 2986 1255 3057 Ari-

247 3095 389 3194 glorum
420 3096 576 3194 primum
594 3152 602 3168 .
622 3095 749 3171 deinde
778 3094 815 3167 in
848 3096 1074 3194 Angelorum
1104 3097 1253 3194 patriam

248 3207 381 3282 devoto
415 3207 529 3282 fidelis
564 3206 629 3281 stili
664 3207 855 3281 ministerio
889 3233 956 3307 pro
988 3208 1124 3282 viribus
1156 3206 1332 3302 obse-217,

247 3345 409 3419 quamur.
464 3319 539 3419 Ipse
567 3346 652 3394 vero
681 3347 753 3394 non
780 3321 890 3394 modo
916 3321 1112 3394 humanum
1138 3319 1187 3395 set
1216 3339 1252 3394 et

248 3436 411 3511 divinum
422 3436 499 3538 jam
516 3434 707 3512 accusando
723 3455 759 3510 et
771 3437 967 3538 judicando
984 3436 1016 3512 se
1034 3494 1043 3511 .
1062 3437 1105 3511 sic
1121 3437 1253 3512 studuit

242 3549 420 3651 judicium
447 3550 630 3650 prevenire
658 3566 699 3625 ut
726 3550 767 3624 sit
793 3550 826 3624 ei
852 3575 918 3649 pro
945 3551 1094 3625 minimo
1117 3549 1160 3624 ab
1186 3551 1254 3625 hiis

241 3661 393 3763 judicari
413 3719 422 3736 .
440 3663 504 3762 qui
535 3662 571 3736 iri
602 3679 738 3762 partem
761 3662 964 3737 utramlibet
990 3662 1075 3737 odio
1100 3688 1254 3762 propen-

246 3774 349 3849 siores
366 3793 427 3849 aut
445 3774 583 3850 favore:
604 3775 710 3876 juxta
733 3775 929 3849 humanum
955 3774 1251 3876 diemjudicant.

247 3887 402 3962 crebrius
418 3889 556 3963 erronie
572 3889 683 3963 rarius
700 3915 791 3963 vere.

287 4022 300 4065 ¹
321 4039 420 4103 exuut,
434 4024 474 4088 H.
486 4049 496 4096 3
515 4025 604 4096 exuit,
619 4025 659 4085 G.
806 4022 819 4064 ¹
840 4024 901 4095 H.;
921 4045 1019 4085 verum
1034 4025 1156 4095 reritate,
1172 4024 1212 4084 G.

743 4131 761 4179 Ρ
