3000 5152
229 296 282 378 62
513 296 604 379 Vita
632 294 798 377 Horoldi
820 298 948 407 Regis.

227 512 325 588 Nam
342 511 387 586 ad
404 513 627 587 voluntatem
645 530 768 585 contra
794 538 917 587 eorum
943 511 1112 588 salutem:
1153 513 1233 589 suos

226 625 370 700 exaudit
400 623 510 699 solum
537 624 706 698 inimicos.
760 625 837 699 Nec
865 625 912 699 est
939 626 1067 702 necesse
1090 628 1134 703 de
1151 627 1233 728 qui-

226 737 429 839 buscunque
456 738 571 813 cledis
601 754 662 812 aut
692 738 850 837 reprobis
880 738 1061 839 utriusque
1086 740 1231 815 exaudi-

226 851 336 927 cionis
360 851 519 951 exempla
536 850 794 931 memorandos
814 850 1008 927 sermonem
1025 853 1062 927 in
1079 854 1229 955 longum

226 965 439 1068 protrahere.
501 964 633 1038 Sufficit
661 964 891 1062 reproborum
925 965 1120 1066 principem
1146 993 1230 1042 con·

226 1079 371 1155 fiderare
383 1076 537 1152 sanctum
547 1077 664 1151 virum
681 1077 752 1172 Job
764 1078 809 1152 ad
822 1080 1070 1178 temptandum
1088 1079 1228 1180 petisse.

225 1207 262 1266 et
279 1189 381 1266 semel
394 1207 430 1264 et
441 1189 571 1265 iterum
582 1190 744 1290 accepisse
759 1248 767 1264 .
783 1191 895 1291 sicque
908 1193 953 1265 ad
966 1192 1231 1293 dampnationis

136 1313 142 1317 ”
226 1306 284 1384 sue
309 1309 493 1384 cumulum
518 1308 725 1383 exauditum
750 1308 826 1383 esse.
878 1308 969 1383 Satis
993 1311 1015 1383 s
1005 1327 1033 1385 t
1056 1310 1230 1387 ediverso

225 1421 340 1554 ipsum
357 1422 546 1497 electorum
563 1422 723 1496 omnium
741 1439 847 1521 caput
864 1422 1055 1499 meminisse
1068 1426 1230 1524 paffionis

226 1535 432 1611 imminente
458 1537 579 1610 aculeo
601 1535 716 1609 calicis
741 1535 1002 1610 transsacionem
1028 1536 1134 1637 petise
1163 1565 1227 1614 nec

226 1649 413 1750 optinuisse
438 1647 497 1723 sue
522 1666 640 1723 tamen
658 1647 853 1722 voluntatis
875 1665 1004 1723 nutum
1029 1651 1229 1727 evidencius

225 1762 414 1862 expressisse
449 1760 498 1835 set
533 1761 642 1861 patris
671 1760 891 1860 beneplacito
918 1761 1026 1862 ipsam
1053 1762 1227 1866 subjecisse

226 1875 336 1948 immo
363 1890 398 1948 et
429 1872 537 1974 ipsam
573 1873 713 1973 penitus
743 1873 926 1976 abjecisse.¹
992 1877 1079 1950 Non
1109 1877 1226 1978 inquit

226 2012 302 2060 mea
336 1988 502 2061 voluntas
536 1985 585 2062 set
619 2005 679 2061 tua
714 1987 785 2062 fiat.
847 1990 946 2062 Deus
974 1989 1134 2064 enimin
1164 1990 1227 2065 tali

226 2101 410 2175 voluntate
436 2101 581 2201 proprio
607 2102 681 2175 filio
708 2125 779 2174 non
805 2101 961 2201 pepercit
980 2129 1046 2202 pro
1062 2104 1228 2179 omnibus

225 2213 327 2287 nobis
355 2215 497 2289 tradens
524 2214 627 2289 illurn
646 2272 654 2288 .
674 2231 714 2288 ut
743 2240 824 2288 cum
852 2217 897 2290 de
922 2232 1079 2292 torrente
1106 2217 1143 2291 in
1171 2218 1228 2292 via

225 2326 359 2401 bibisset
385 2346 569 2428 propterea
592 2328 760 2402 exaltaret
786 2346 910 2428 caput:
937 2329 1036 2429 quod
1064 2328 1101 2403 in
1127 2356 1228 2406 cruce

225 2467 338 2541 quum
355 2441 490 2516 bibisset
508 2441 678 2516 continuo
695 2441 887 2516 inclinavit.
924 2442 1087 2517 Premisse
1109 2460 1227 2519 tamen

225 2554 536 2630 consummationis
578 2555 715 2631 diccio:
759 2555 864 2628 hostis
905 2555 1049 2629 humani
1091 2558 1228 2658 generis

224 2669 433 2744 denunciata
449 2668 606 2744 deviccio
623 2668 701 2743 fuit.
756 2670 837 2766 Qua
854 2669 1126 2745 denunciatione
1144 2696 1228 2770 pro-

224 2783 382 2884 mulgata
411 2800 517 2883 caput
544 2782 726 2855 inclinavit
752 2781 788 2854 in
817 2807 900 2880 pace
927 2782 1132 2857 dormiens.
1152 2784 1228 2883 post

225 2892 469 2968 sollicitudinis
495 2893 616 2968 bellice
645 2895 770 2994 longas
793 2892 959 2994 vigilias.
986 2911 1022 2968 et
1050 2896 1125 2995 post
1152 2895 1229 2970 fin·

224 3006 344 3109 guinei
370 3006 504 3081 sudoris
521 3032 670 3108 agonem
689 3064 697 3080 .
718 3007 754 3080 in
772 3032 856 3106 pace
873 3006 910 3079 in
927 3006 964 3082 id
982 3006 1096 3107 ipsum
1114 3007 1228 3083 suavi-

224 3138 279 3195 ter
292 3119 515 3221 roquiescens.
552 3120 634 3193 Hec
651 3146 736 3194 vero
749 3120 942 3195 increduli:
961 3120 998 3193 in
1011 3122 1227 3197 contrarium

128 3247 196 3299 tt&
224 3251 483 3308 converterunt.
542 3235 698 3331 Quando
722 3259 808 3307 vero
838 3233 1060 3334 triumphum
1089 3236 1133 3308 de
1160 3235 1229 3308 ini·

225 3347 324 3421 micis
341 3345 595 3421 consummavit
615 3404 623 3420 .
642 3364 729 3420 tunc
756 3344 788 3421 se
813 3372 931 3448 regem
949 3348 1117 3424 nidorem
1134 3349 1227 3423 livor

224 3460 380 3535 devistus
395 3460 509 3535 vicisse
535 3458 707 3534 credebat.
761 3457 835 3558 Ipse
861 3477 979 3534 autem
997 3460 1085 3561 quid
1108 3461 1227 3563 egisset

224 3601 296 3649 non
326 3574 489 3663 incertus,
520 3590 626 3672 caput
652 3573 833 3663 invictum,
864 3591 900 3647 et
928 3576 1041 3648 donec
1071 3573 1226 3650 vinceret

225 3688 357 3788 semper
386 3693 540 3762 cresium
570 3687 607 3760 in
637 3685 824 3786 sompnum
854 3705 927 3762 tam
957 3689 1060 3787 plene
1089 3685 1227 3764 securus

224 3801 416 3876 inclinavit.
470 3802 572 3875 Patet
593 3800 669 3901 jam
695 3825 802 3900 quam
828 3800 993 3900 peculiari
1017 3801 1114 3901 signo
1133 3802 1226 3878 fideli

224 3915 401 3991 adoratori
436 3912 497 3987 suo
531 3914 712 3988 victoriam
754 3913 936 3988 meliorem
979 3940 1086 4014 quam
1121 3918 1226 3991 ceteri

395 4043 407 4084 ¹
429 4044 525 4105 Immo
545 4086 553 4103 .
576 4087 585 4104 .
607 4085 616 4102 .
635 4043 773 4122 abjecisse,
789 4043 850 4114 H.;
871 4044 1002 4116 omitted,
1017 4042 1056 4104 G.
