3000 5152
223 315 277 424 78
507 315 597 394 Vita
626 312 793 394 Haroldi
817 314 945 422 Regis.

221 520 331 596 celesti
357 521 498 595 oraculo
522 521 581 594 sibi
607 521 838 622 designatam:
865 521 997 597 accedit
1016 578 1024 595 .
1043 538 1079 595 et
1104 538 1228 622 gratu-

220 636 333 709 lanter
361 635 527 734 accipitur
562 691 570 707 .
600 634 723 733 hospes
750 635 872 708 celitus
897 635 1096 710 destinatus.
1151 635 1229 708 Mi·
1308 683 1310 686 >

219 765 378 850 gravarat
412 745 489 821 fine
516 747 560 820 ab
589 747 653 821 hac
680 748 757 821 luce
784 749 829 823 de
862 749 991 822 recenti
1020 748 1228 823 venerabilis

220 861 418 937 anachorita
451 859 605 962 ejusdem
645 860 712 934 loci
747 859 895 935 casulam
929 860 1025 936 suam
1058 860 1229 936 divinitus

220 974 358 1076 proviso
374 976 500 1049 cedens
516 973 719 1048 sanetislimo
737 973 921 1049 successori.
974 973 1128 1074 Suscepit
1143 992 1229 1048 vero

220 1088 408 1163 letabunda
431 1104 467 1161 et
483 1090 640 1188 gaudens
658 1144 666 1161 .
684 1088 765 1161 licet
787 1086 1053 1187 quisnam‘ell'et
1072 1145 1080 1161 .
1100 1087 1230 1162 cercius

221 1226 294 1275 non
310 1199 496 1302 agnoscens
512 1226 630 1301 regem
656 1198 758 1274 suum
782 1201 852 1275 filia
868 1201 962 1299 Syon
979 1201 1114 1274 ecclesia
1130 1202 1230 1276 vide·

220 1314 301 1388 licet
315 1330 505 1388 memorata
515 1312 690 1388 sedentem
701 1314 854 1413 ignobile
868 1314 1012 1414 quidem
1024 1311 1203 1414 subjugale
1268 1384 1272 1391 .

221 1426 376 1502 sansturn
400 1443 518 1500 tamen
536 1444 572 1501 et
597 1426 657 1500 fibi
674 1427 872 1500 venientem
897 1425 939 1500 in.
952 1425 1116 1500 omnibus
1140 1425 1231 1516 salu-

219 1557 342 1615 tarem.
395 1540 531 1616 Ibidem
549 1564 691 1640 quoque
717 1565 860 1613 manens
885 1565 906 1612 a
927 1539 1144 1613 visitantibus
1166 1538 1228 1617 ses.
1263 1627 1264 1631 Ἰ

220 1671 257 1729 et
273 1680 343 1755 que
360 1653 591 1728 edificacionis
608 1669 706 1726 erant
732 1652 776 1726 ab
793 1678 837 1727 eo
856 1652 1142 1751 reportantibus.
1161 1650 1234 1727 he·

221 1783 369 1866 quenter
393 1765 575 1866 requisitus
591 1791 635 1838 an
653 1764 746 1838 bello
763 1765 823 1838 ubi
842 1791 904 1838 rex
921 1764 1106 1840 Haroldus
1118 1790 1229 1840 occu·

220 1879 510 1984 buisseserebatur
526 1877 749 1954 interfuisset.
772 1877 1029 1979 respondebat.
1049 1878 1228 1954 “Interfui

220 1993 355 2093 plane.”
405 1991 664 2092 Suspicantibus
679 2017 764 2066 vero
781 1993 958 2066 nonnullis
980 2019 1039 2069 ne·
1035 1991 1129 2067 forte
1157 1991 1229 2093 ipse

219 2106 302 2180 ell'et
317 2105 520 2181 Haroldus.
538 2121 574 2179 et
591 2105 755 2200 curiosius
771 2105 895 2204 quoat¹
913 2106 1012 2179 licuit
1025 2105 1107 2181 inde
1120 2104 1230 2180 scisti·
1260 2095 1262 2099 ’

218 2219 376 2293 tantrbus
387 2217 635 2319 ahquoc1ens2
627 2235 677 2292 sta
688 2219 733 2293 de
745 2217 778 2292 se
790 2218 1024 2318 loquebatur
1044 2221 1230 2316 “Quando
1286 2259 1289 2262 ⁴

220 2332 315 2432 apud
332 2332 524 2433 Hastingas
539 2331 746 2406 dimicatum
763 2329 829 2405 est:
855 2331 971 2404 nullus
988 2330 1154 2421 Haroldo
1170 2358 1228 2407 me

220 2447 331 2520 carior
347 2446 572 2521 habebatur.''
614 2444 834 2547 Hujusmodi
852 2462 893 2518 ut
909 2434 958 2519 ita
974 2446 1111 2520 dicanrr
1127 2445 1230 2522 serni-
1284 2543 1287 2550 ἢ

58 2574 157 2623 tao
165 2574 190 2624 b
220 2559 349 2634 verbiis
375 2559 563 2658 ancipitem
592 2560 636 2634 de
663 2557 699 2632 se
728 2559 815 2632 nulli
841 2558 1044 2688 opinionem
1068 2558 1256 2633 firmabat

220 2673 342 2771 pocius
366 2672 403 2745 in
431 2670 499 2745 suis
525 2670 731 2771 conjedturis
753 2695 860 2770 quam
886 2670 922 2743 in
945 2671 1102 2759 veritatis
1125 2673 1229 2745 certi-

219 2784 359 2860 tudine8
394 2785 631 2859 confirmabat.
697 2785 1009 2881 Quemadmodum
1051 2810 1136 2858 vero
1177 2786 1227 2859 rei
1287 2875 1289 2881 Ι

219 2896 326 2998 hujus
342 2898 520 2972 evidencia
544 2897 709 2971 universis
725 2899 870 2973 demum
894 2897 1009 2996 palam
1036 2889 1228 2971 innotuerit
1271 2958 1284 2965 -
1332 2910 1354 2922 ·’

220 3036 293 3096 non
323 3010 428 3098 nostri
459 3009 516 3086 sed
545 3011 612 3084 viri
639 3010 844 3084 venerabilis
874 3036 981 3110 quem
1006 3010 1043 3083 in
1073 3009 1227 3111 ejusdem

219 3123 462 3199 anachoreseos
490 3124 757 3198 ¹inhabitacione
797 3124 921 3197 habuit
960 3122 1181 3203 firccellorem
1217 3182 1226 3199 .

80 3296 82 3300 -
181 3328 184 3333 ,
218 3239 335 3342 verbis
359 3237 501 3313 inferius
525 3237 754 3337 exprimetur.
825 3290 830 3295 -

238 3382 1145 3513 ‘¹HM,maqumd,G.²H·.lv1.·nliqmotie.s‚G

523 3472 956 3549 ⁸H.;rt1tudem,MG
