3000 5152
250 277 305 358 60
533 275 623 356 Vita
651 272 816 357 Haroldi
839 274 967 384 Regis.

248 491 380 591 repulit
398 491 624 567 acutissimam
643 494 768 567 celtem
785 493 842 567 vel
868 493 1047 567 tarincam.
1100 492 1254 567 Prestitit

110 595 114 621 '
248 604 316 678 hoc
342 605 530 707 ymaginis¹
557 605 615 680 sue
641 605 799 682 dextere2
824 606 972 681 Domini
999 606 1167 681 dextera.
1187 631 1258 705 que

248 732 291 791 ut
321 716 514 817 psalmista⁸
541 776 550 792 .
578 718 704 794 cecinit
738 719 821 794 fecit
855 720 1026 794 virtutem
1053 777 1061 793 .
1088 718 1184 793 unde
1217 733 1254 791 et

248 829 420 904 materiali
454 831 536 906 huic
572 832 715 908 dextere
748 859 819 933 que
862 832 994 908 ibidem
1040 830 1255 907 subuenitur

247 968 403 1044 congrue
425 947 636 1047 adaptatur.
656 964 697 1021 ut
717 946 789 1046 ipsa
809 963 867 1022 tot
888 946 992 1049 signis
1015 946 1176 1049 insignita
1195 961 1253 1020 tot

246 1056 418 1159 prodigiis
430 1057 613 1135 sublimata
631 1119 639 1135 .
658 1059 762 1135 rebus
778 1059 901 1161 pocius
916 1086 1024 1161 quam
1037 1058 1253 1136 sermonibus

246 1169 362 1246 dicere
386 1171 609 1275 intelligatur
636 1232 644 1248 .
670 1172 843 1247 Dextera⁴
861 1173 1002 1247 Domini
1019 1176 1190 1249 exaltavit
1206 1200 1256 1248 me

244 1285 385 1361 dextera
412 1286 557 1361 Domini
573 1290 664 1384 fecit
688 1290 864 1362 virtutem.
917 1287 1002 1362 Hec
1026 1314 1111 1362 vero
1134 1288 1253 1362 omnia

245 1424 339 1474 nunc
366 1399 491 1476 iccirco
518 1401 705 1476 retulimus
730 1417 772 1475 ut
803 1398 1001 1476 claresceret
1027 1401 1252 1476 audientibus

244 1514 490 1616 multiplicitas
507 1515 695 1590 Dominice
712 1514 853 1590 virtutis
872 1573 880 1589 .
899 1541 1008 1616 quarn
1023 1515 1062 1589 in
1084 1516 1148 1590 tali
1166 1514 1250 1591 fecit

244 1627 474 1704 inclinatione
504 1628 607 1704 sarred
643 1628 768 1729 capitis
797 1627 1005 1704 sacrosancte
1035 1629 1247 1731 ymaginis.

244 1758 286 1817 ut
314 1743 409 1817 enim
426 1740 552 1842 prefati
583 1741 701 1817 sumus
726 1760 800 1816 tam
826 1742 863 1816 in
889 1759 1052 1844 argentea
1077 1769 1185 1844 quam
1209 1743 1248 1817 in

243 1853 380 1955 lapidea
395 1855 522 1930 effulsit
534 1855 679 1930 materia
691 1855 877 1931 Dominice
890 1855 1109 1957 dignacionis
1121 1857 1250 1957 pariter

242 1984 279 2043 et
301 1967 445 2043 virtutis
469 1994 560 2069 opus
587 1969 654 2044 hoc
683 1969 888 2044 admirabile
915 1969 952 2043 in
979 1971 1091 2044 oculis
1124 1969 1248 2045 nostris

242 2087 343 2187 quod
370 2086 475 2188 juxta
503 2112 616 2160 cornu
649 2086 770 2161 altaris
803 2143 812 2160 .
847 2086 908 2161 ubi
937 2087 1004 2161 hoc
1031 2087 1167 2189 gestum
1200 2087 1250 2162 est

242 2198 372 2274 cotidie
398 2198 610 2299 inspicimus.
670 2201 748 2274 Nec
782 2200 877 2274 enim
907 2202 963 2275 vel
992 2200 1081 2300 lapis
1110 2199 1248 2300 crepuit

241 2313 300 2388 vel
327 2310 456 2388 lamina
484 2310 656 2386 scissuram
686 2310 785 2387 sensit
810 2311 868 2387 seu
891 2337 1018 2415 rugam
1043 2313 1246 2390 contraxit.

242 2451 325 2502 cum
341 2423 362 2501 a
378 2443 476 2527 parte
497 2425 580 2500 colli
601 2424 740 2501 racione
765 2425 1006 2501 inclinacionis
1028 2443 1126 2502 tante
1143 2427 1248 2502 solito

242 2538 393 2640 amplius
434 2540 638 2614 tenderetur
672 2595 681 2612 .
716 2555 753 2614 et
794 2564 814 2614 e
847 2538 991 2641 regione
1024 2540 1180 2640 gutturis
1212 2558 1250 2616 et

241 2649 394 2728 saucium
411 2677 484 2727 non
502 2653 631 2727 minori
649 2653 883 2753 proportione
900 2653 1021 2751 plicari
1035 2670 1245 2729 cerneretur.

242 2767 320 2843 Nec
336 2790 422 2841 vero
444 2791 551 2865 parva
576 2762 646 2838 fuit
672 2766 834 2865 primarie
860 2763 1094 2867 disposicionis
1116 2767 1249 2843 immu-

221 2879 334 2954 -tacio
352 2937 360 2954 .
379 2877 441 2954 ubi
467 2894 626 2952 mentum
646 2878 820 2979 ymaginis
845 2880 944 2980 quod
964 2880 1144 2955 eminuisse
1161 2883 1248 2956 olim

239 2991 435 3091 accepimus
467 3048 475 3065 .
506 3016 601 3066 nunc
630 2991 675 3066 ad
709 2998 827 3091 pectus
861 2990 970 3092 usque
1004 2993 1187 3069 demissum
1214 2996 1246 3069 ei

239 3107 339 3182 velut
356 3103 509 3181 insedisse
527 3130 571 3180 ex
581 3105 740 3204 premissa
750 3123 792 3180 ut
802 3106 936 3180 dietum
953 3105 1002 3181 est
1018 3107 1247 3183 inclinacione

237 3219 410 3297 videmus.

279 3381 291 3424 ¹
312 3384 404 3445 HM.
413 3408 424 3455 ς
443 3383 580 3461 imaginis,
595 3381 634 3444 G.

278 3463 292 3505 ¹
312 3464 423 3535 H.M.;
443 3465 552 3535 dextra,
567 3463 626 3534 G.;
646 3465 704 3524 and
717 3463 746 3525 so
759 3465 858 3544 always
872 3463 902 3523 in
915 3463 991 3525 cases
1004 3465 1040 3525 of
1049 3467 1105 3526 this
1117 3469 1205 3528 word.

278 3545 292 3587 ⁸
312 3546 389 3618 Pia„
404 3545 466 3616 H.;
487 3566 567 3626 pura,
583 3546 630 3607 M.
639 3569 649 3617 ς
670 3544 817 3625 psumim,
832 3546 872 3607 G.

277 3627 291 3669 ⁴
312 3627 412 3688 Psnlm.
427 3627 511 3688 cxvii.
529 3625 575 3688 16.
