<?xml version="1.0" encoding="UTF-8"?>
<!DOCTYPE html PUBLIC "-//W3C//DTD XHTML 1.0 Transitional//EN"
    "http://www.w3.org/TR/xhtml1/DTD/xhtml1-transitional.dtd">
<html xmlns="http://www.w3.org/1999/xhtml" xml:lang="en" lang="en">
 <head>
  <title>
</title>
<meta http-equiv="Content-Type" content="text/html;charset=utf-8" />
  <meta name='ocr-system' content='tesseract 3.04.00' />
  <meta name='ocr-capabilities' content='ocr_page ocr_carea ocr_par ocr_line ocrx_word'/>
</head>
<body>
  <div class='ocr_page' id='page_1' title='image "./vitaharoldiroma00musegoog_0100.png"; bbox 0 0 3000 5152; ppageno 0'>
   <div class='ocr_carea' id='block_1_1' title="bbox 527 305 1244 415">
    <p class='ocr_par' dir='ltr' id='par_1_1' title="bbox 527 305 1244 415">
     <span class='ocr_line' id='line_1_1' title="bbox 527 305 1244 415; baseline -0.008 -27"><span class='ocrx_word' id='word_1_1' title='bbox 527 309 616 388; x_wconf 85' lang='lat' dir='ltr'><strong>Vita</strong></span> <span class='ocrx_word' id='word_1_2' title='bbox 647 305 812 388; x_wconf 86' lang='lat' dir='ltr'><strong>Haroldi</strong></span> <span class='ocrx_word' id='word_1_3' title='bbox 836 306 963 415; x_wconf 83' lang='lat' dir='ltr'><strong>Regis.</strong></span> <span class='ocrx_word' id='word_1_4' title='bbox 1191 329 1244 411; x_wconf 88' lang='lat'><strong>77</strong></span> 
     </span>
    </p>
   </div>
   <div class='ocr_carea' id='block_1_2' title="bbox 178 495 1353 4005">
    <p class='ocr_par' dir='ltr' id='par_1_2' title="bbox 178 495 1353 4005">
     <span class='ocr_line' id='line_1_2' title="bbox 241 495 1246 608; baseline -0.003 -27"><span class='ocrx_word' id='word_1_5' title='bbox 241 507 379 601; x_wconf 86' lang='lat' dir='ltr'><strong>visionis</strong></span> <span class='ocrx_word' id='word_1_6' title='bbox 403 507 606 608; x_wconf 82' lang='lat' dir='ltr'>precordiali</span> <span class='ocrx_word' id='word_1_7' title='bbox 632 506 756 608; x_wconf 92' lang='lat' dir='ltr'><strong>spiritu</strong></span> <span class='ocrx_word' id='word_1_8' title='bbox 782 505 960 606; x_wconf 82' lang='lat' dir='ltr'><strong>languenti</strong></span> <span class='ocrx_word' id='word_1_9' title='bbox 979 504 1079 579; x_wconf 92' lang='lat' dir='ltr'><strong>solita</strong></span> <span class='ocrx_word' id='word_1_10' title='bbox 1096 495 1246 605; x_wconf 85' lang='lat' dir='ltr'><strong>postulat</strong></span> 
     </span>
     <span class='ocr_line' id='line_1_3' title="bbox 241 619 1247 723; baseline -0.004 -27"><span class='ocrx_word' id='word_1_11' title='bbox 241 621 466 723; x_wconf 48' lang='lat' dir='ltr'><strong>benignitate&gt;</strong></span> <span class='ocrx_word' id='word_1_12' title='bbox 510 621 672 696; x_wconf 90' lang='lat' dir='ltr'><strong>concedi:</strong></span> <span class='ocrx_word' id='word_1_13' title='bbox 727 621 764 695; x_wconf 89' lang='lat' dir='ltr'><strong>in</strong></span> <span class='ocrx_word' id='word_1_14' title='bbox 814 646 888 721; x_wconf 93' lang='lat' dir='ltr'><strong>quo</strong></span> <span class='ocrx_word' id='word_1_15' title='bbox 940 620 1013 692; x_wconf 87' lang='lat' dir='ltr'><strong>vite</strong></span> <span class='ocrx_word' id='word_1_16' title='bbox 1069 619 1247 718; x_wconf 93' lang='lat' dir='ltr'><strong>reliquum</strong></span> 
     </span>
     <span class='ocr_line' id='line_1_4' title="bbox 242 731 1246 834; baseline -0.003 -26"><span class='ocrx_word' id='word_1_17' title='bbox 242 733 305 809; x_wconf 91' lang='lat' dir='ltr'><strong>sub</strong></span> <span class='ocrx_word' id='word_1_18' title='bbox 332 735 467 809; x_wconf 91' lang='lat' dir='ltr'><strong>silentio</strong></span> <span class='ocrx_word' id='word_1_19' title='bbox 502 752 624 834; x_wconf 89' lang='lat' dir='ltr'><strong>optate</strong></span> <span class='ocrx_word' id='word_1_20' title='bbox 651 734 781 833; x_wconf 87' lang='lat' dir='ltr'><strong>quietis</strong></span> <span class='ocrx_word' id='word_1_21' title='bbox 808 733 1010 833; x_wconf 89' lang='lat' dir='ltr'><strong>transigeret</strong></span> <span class='ocrx_word' id='word_1_22' title='bbox 1043 789 1051 805; x_wconf 93' lang='lat'><strong>.</strong></span> <span class='ocrx_word' id='word_1_23' title='bbox 1083 749 1118 805; x_wconf 91' lang='lat' dir='ltr'><strong>et</strong></span> <span class='ocrx_word' id='word_1_24' title='bbox 1153 731 1246 805; x_wconf 90' lang='lat' dir='ltr'><strong>selici</strong></span> 
     </span>
     <span class='ocr_line' id='line_1_5' title="bbox 200 846 1248 947; baseline -0.005 -25"><span class='ocrx_word' id='word_1_25' title='bbox 200 926 202 930; x_wconf 72' lang='grc'>,</span> <span class='ocrx_word' id='word_1_26' title='bbox 242 848 387 922; x_wconf 89' lang='lat' dir='ltr'><strong>demum</strong></span> <span class='ocrx_word' id='word_1_27' title='bbox 415 848 548 922; x_wconf 83' lang='lat' dir='ltr'><strong>excessu</strong></span> <span class='ocrx_word' id='word_1_28' title='bbox 576 847 790 921; x_wconf 86' lang='lat' dir='ltr'><strong>terminaret.</strong></span> <span class='ocrx_word' id='word_1_29' title='bbox 842 846 1017 920; x_wconf 76' lang='lat' dir='ltr'><strong>senciens,</strong></span> <span class='ocrx_word' id='word_1_30' title='bbox 1031 862 1150 918; x_wconf 89' lang='lat' dir='ltr'><strong>autem</strong></span> <span class='ocrx_word' id='word_1_31' title='bbox 1185 870 1248 947; x_wconf 90' lang='lat' dir='ltr'><strong>per</strong></span> 
     </span>
     <span class='ocr_line' id='line_1_6' title="bbox 243 956 1248 1061; baseline -0.003 -28"><span class='ocrx_word' id='word_1_32' title='bbox 243 959 403 1060; x_wconf 92' lang='lat' dir='ltr'><strong>spiritum</strong></span> <span class='ocrx_word' id='word_1_33' title='bbox 432 960 627 1061; x_wconf 90' lang='lat' dir='ltr'><strong>benignum</strong></span> <span class='ocrx_word' id='word_1_34' title='bbox 656 959 856 1033; x_wconf 91' lang='lat' dir='ltr'><strong>Dominum</strong></span> <span class='ocrx_word' id='word_1_35' title='bbox 884 956 1046 1058; x_wconf 90' lang='lat' dir='ltr'><strong>pauperis</strong></span> <span class='ocrx_word' id='word_1_36' title='bbox 1070 956 1121 1031; x_wconf 84' lang='lat' dir='ltr'><strong>sui</strong></span> <span class='ocrx_word' id='word_1_37' title='bbox 1148 957 1248 1057; x_wconf 91' lang='lat' dir='ltr'><strong>pium</strong></span> 
     </span>
     <span class='ocr_line' id='line_1_7' title="bbox 242 1070 1326 1172; baseline 0 -24"><span class='ocrx_word' id='word_1_38' title='bbox 242 1074 415 1148; x_wconf 76' lang='lat' dir='ltr'><strong>exaudisse</strong></span> <span class='ocrx_word' id='word_1_39' title='bbox 454 1073 660 1150; x_wconf 90' lang='lat' dir='ltr'><strong>desiderium</strong></span> <span class='ocrx_word' id='word_1_40' title='bbox 701 1073 837 1172; x_wconf 89' lang='lat' dir='ltr'><strong>imponi</strong></span> <span class='ocrx_word' id='word_1_41' title='bbox 882 1071 915 1146; x_wconf 89' lang='lat' dir='ltr'><strong>se</strong></span> <span class='ocrx_word' id='word_1_42' title='bbox 959 1070 1041 1145; x_wconf 86' lang='lat' dir='ltr'><strong>fecit</strong></span> <span class='ocrx_word' id='word_1_43' title='bbox 1085 1071 1149 1145; x_wconf 90' lang='lat' dir='ltr'><strong>vili</strong></span> <span class='ocrx_word' id='word_1_44' title='bbox 1186 1071 1326 1172; x_wconf 65' lang='lat' dir='ltr'><strong>ju-ta</strong></span> 
     </span>
     <span class='ocr_line' id='line_1_8' title="bbox 244 1185 1248 1287; baseline 0.001 -28"><span class='ocrx_word' id='word_1_45' title='bbox 244 1204 365 1260; x_wconf 88' lang='lat' dir='ltr'><strong>mento</strong></span> <span class='ocrx_word' id='word_1_46' title='bbox 394 1243 402 1260; x_wconf 92' lang='lat'><strong>.</strong></span> <span class='ocrx_word' id='word_1_47' title='bbox 434 1185 606 1287; x_wconf 90' lang='lat' dir='ltr'><strong>solitoque</strong></span> <span class='ocrx_word' id='word_1_48' title='bbox 633 1204 819 1260; x_wconf 89' lang='lat' dir='ltr'><strong>contentus</strong></span> <span class='ocrx_word' id='word_1_49' title='bbox 852 1185 1009 1260; x_wconf 86' lang='lat' dir='ltr'><strong>ministro</strong></span> <span class='ocrx_word' id='word_1_50' title='bbox 1039 1243 1048 1259; x_wconf 99' lang='lat'><strong>.</strong></span> <span class='ocrx_word' id='word_1_51' title='bbox 1080 1185 1147 1259; x_wconf 87' lang='lat' dir='ltr'><strong>iter</strong></span> <span class='ocrx_word' id='word_1_52' title='bbox 1174 1211 1248 1286; x_wconf 88' lang='lat' dir='ltr'><strong>quo</strong></span> 
     </span>
     <span class='ocr_line' id='line_1_9' title="bbox 243 1298 1246 1399; baseline 0.001 -27"><span class='ocrx_word' id='word_1_53' title='bbox 243 1299 346 1374; x_wconf 91' lang='lat' dir='ltr'><strong>illum</strong></span> <span class='ocrx_word' id='word_1_54' title='bbox 371 1299 548 1373; x_wconf 87' lang='lat' dir='ltr'><strong>Dominus</strong></span> <span class='ocrx_word' id='word_1_55' title='bbox 577 1299 744 1374; x_wconf 88' lang='lat' dir='ltr'><strong>destinare</strong></span> <span class='ocrx_word' id='word_1_56' title='bbox 773 1299 978 1399; x_wconf 86' lang='lat' dir='ltr'><strong>dignaretur</strong></span> <span class='ocrx_word' id='word_1_57' title='bbox 1003 1298 1209 1399; x_wconf 85' lang='lat' dir='ltr'><strong>aggreditur</strong></span> <span class='ocrx_word' id='word_1_58' title='bbox 1237 1355 1246 1373; x_wconf 91' lang='lat'><strong>.</strong></span> 
     </span>
     <span class='ocr_line' id='line_1_10' title="bbox 244 1410 1249 1512; baseline -0.001 -26"><span class='ocrx_word' id='word_1_59' title='bbox 244 1411 392 1511; x_wconf 90' lang='lat' dir='ltr'><strong>pedibus</strong></span> <span class='ocrx_word' id='word_1_60' title='bbox 417 1412 541 1485; x_wconf 86' lang='lat' dir='ltr'><strong>iccirco</strong></span> <span class='ocrx_word' id='word_1_61' title='bbox 568 1411 748 1485; x_wconf 67' lang='lat' dir='ltr'><strong>subvestus</strong></span> <span class='ocrx_word' id='word_1_62' title='bbox 774 1410 912 1486; x_wconf 88' lang='lat' dir='ltr'><strong>alienis:</strong></span> <span class='ocrx_word' id='word_1_63' title='bbox 939 1411 1022 1511; x_wconf 87' lang='lat' dir='ltr'><strong>quia</strong></span> <span class='ocrx_word' id='word_1_64' title='bbox 1039 1411 1153 1485; x_wconf 88' lang='lat' dir='ltr'><strong>virtus</strong></span> <span class='ocrx_word' id='word_1_65' title='bbox 1172 1411 1249 1512; x_wconf 92' lang='lat' dir='ltr'><strong>jam</strong></span> 
     </span>
     <span class='ocr_line' id='line_1_11' title="bbox 244 1527 1249 1629; baseline 0 -26"><span class='ocrx_word' id='word_1_66' title='bbox 244 1530 362 1603; x_wconf 90' lang='lat' dir='ltr'><strong>aberat</strong></span> <span class='ocrx_word' id='word_1_67' title='bbox 388 1528 467 1604; x_wconf 89' lang='lat' dir='ltr'><strong>suis.</strong></span> <span class='ocrx_word' id='word_1_68' title='bbox 527 1530 707 1604; x_wconf 88' lang='lat' dir='ltr'><strong>Recedens</strong></span> <span class='ocrx_word' id='word_1_69' title='bbox 724 1528 835 1629; x_wconf 90' lang='lat' dir='ltr'><strong>igitur</strong></span> <span class='ocrx_word' id='word_1_70' title='bbox 859 1527 1005 1603; x_wconf 89' lang='lat' dir='ltr'><strong>scienter</strong></span> <span class='ocrx_word' id='word_1_71' title='bbox 1035 1528 1167 1603; x_wconf 90' lang='lat' dir='ltr'><strong>nescius</strong></span> <span class='ocrx_word' id='word_1_72' title='bbox 1186 1586 1194 1602; x_wconf 96' lang='lat'><strong>.</strong></span> <span class='ocrx_word' id='word_1_73' title='bbox 1213 1546 1249 1603; x_wconf 86' lang='lat' dir='ltr'><strong>et</strong></span> 
     </span>
     <span class='ocr_line' id='line_1_12' title="bbox 244 1640 1251 1743; baseline 0.001 -28"><span class='ocrx_word' id='word_1_74' title='bbox 244 1640 414 1742; x_wconf 88' lang='lat' dir='ltr'><strong>sapienter</strong></span> <span class='ocrx_word' id='word_1_75' title='bbox 439 1643 601 1718; x_wconf 76' lang='lat' dir='ltr'><strong>indoctus</strong></span> <span class='ocrx_word' id='word_1_76' title='bbox 625 1643 734 1717; x_wconf 73' lang='lat' dir='ltr'><strong>dustu</strong></span> <span class='ocrx_word' id='word_1_77' title='bbox 750 1641 938 1715; x_wconf 81' lang='lat' dir='ltr'><strong>comitatus</strong></span> <span class='ocrx_word' id='word_1_78' title='bbox 963 1643 1149 1743; x_wconf 88' lang='lat' dir='ltr'><strong>angelico.</strong></span> <span class='ocrx_word' id='word_1_79' title='bbox 1169 1641 1251 1717; x_wconf 91' lang='lat' dir='ltr'><strong>Ces·</strong></span> 
     </span>
     <span class='ocr_line' id='line_1_13' title="bbox 178 1755 1252 1855; baseline 0 -25"><span class='ocrx_word' id='word_1_80' title='bbox 178 1837 182 1843; x_wconf 21' lang='lat'><strong>⁴</strong></span> <span class='ocrx_word' id='word_1_81' title='bbox 243 1755 393 1830; x_wconf 90' lang='lat' dir='ltr'><strong>trensem</strong></span> <span class='ocrx_word' id='word_1_82' title='bbox 427 1758 572 1832; x_wconf 90' lang='lat' dir='ltr'><strong>demum</strong></span> <span class='ocrx_word' id='word_1_83' title='bbox 606 1756 766 1855; x_wconf 88' lang='lat' dir='ltr'><strong>pervenit</strong></span> <span class='ocrx_word' id='word_1_84' title='bbox 800 1758 845 1832; x_wconf 87' lang='lat' dir='ltr'><strong>ad</strong></span> <span class='ocrx_word' id='word_1_85' title='bbox 876 1757 1035 1831; x_wconf 90' lang='lat' dir='ltr'><strong>urbem.</strong></span> <span class='ocrx_word' id='word_1_86' title='bbox 1062 1757 1139 1831; x_wconf 92' lang='lat' dir='ltr'><strong>Ubi</strong></span> <span class='ocrx_word' id='word_1_87' title='bbox 1167 1783 1252 1831; x_wconf 89' lang='lat' dir='ltr'><strong>mox</strong></span> 
     </span>
     <span class='ocr_line' id='line_1_14' title="bbox 244 1868 1253 1970; baseline -0.002 -25"><span class='ocrx_word' id='word_1_88' title='bbox 244 1870 303 1945; x_wconf 84' lang='lat' dir='ltr'><strong>die</strong></span> <span class='ocrx_word' id='word_1_89' title='bbox 344 1868 514 1943; x_wconf 88' lang='lat' dir='ltr'><strong>inclinato</strong></span> <span class='ocrx_word' id='word_1_90' title='bbox 552 1871 596 1945; x_wconf 81' lang='lat' dir='ltr'><strong>ad</strong></span> <span class='ocrx_word' id='word_1_91' title='bbox 631 1868 808 1967; x_wconf 88' lang='lat' dir='ltr'><strong>vesperam</strong></span> <span class='ocrx_word' id='word_1_92' title='bbox 844 1927 853 1945; x_wconf 91' lang='lat'><strong>.</strong></span> <span class='ocrx_word' id='word_1_93' title='bbox 889 1870 1041 1945; x_wconf 89' lang='lat' dir='ltr'><strong>mediam</strong></span> <span class='ocrx_word' id='word_1_94' title='bbox 1084 1870 1253 1970; x_wconf 89' lang='lat' dir='ltr'><strong>ingressus</strong></span> 
     </span>
     <span class='ocr_line' id='line_1_15' title="bbox 244 1981 1253 2057; baseline 0.001 -2"><span class='ocrx_word' id='word_1_95' title='bbox 244 1981 444 2057; x_wconf 84' lang='lat' dir='ltr'><strong>civitatem:</strong></span> <span class='ocrx_word' id='word_1_96' title='bbox 483 2008 565 2056; x_wconf 92' lang='lat' dir='ltr'><strong>cum</strong></span> <span class='ocrx_word' id='word_1_97' title='bbox 599 1981 783 2056; x_wconf 83' lang='lat' dir='ltr'><strong>mansionis</strong></span> <span class='ocrx_word' id='word_1_98' title='bbox 816 1984 934 2056; x_wconf 91' lang='lat' dir='ltr'><strong>locum</strong></span> <span class='ocrx_word' id='word_1_99' title='bbox 969 1983 1163 2056; x_wconf 88' lang='lat' dir='ltr'><strong>ministrum</strong></span> <span class='ocrx_word' id='word_1_100' title='bbox 1198 1983 1253 2056; x_wconf 93' lang='lat' dir='ltr'><strong>iii-</strong></span> 
     </span>
     <span class='ocr_line' id='line_1_16' title="bbox 244 2095 1254 2197; baseline 0.002 -29"><span class='ocrx_word' id='word_1_101' title='bbox 244 2095 383 2194; x_wconf 89' lang='lat' dir='ltr'><strong>quirere</strong></span> <span class='ocrx_word' id='word_1_102' title='bbox 401 2096 619 2196; x_wconf 74' lang='lat' dir='ltr'><strong>precepisset:</strong></span> <span class='ocrx_word' id='word_1_103' title='bbox 646 2122 717 2170; x_wconf 85' lang='lat' dir='ltr'><strong>vox</strong></span> <span class='ocrx_word' id='word_1_104' title='bbox 734 2114 878 2196; x_wconf 87' lang='lat' dir='ltr'><strong>repente</strong></span> <span class='ocrx_word' id='word_1_105' title='bbox 903 2095 1141 2197; x_wconf 89' lang='lat' dir='ltr'><strong>hujuscemodi</strong></span> <span class='ocrx_word' id='word_1_106' title='bbox 1159 2096 1254 2170; x_wconf 89' lang='lat' dir='ltr'><strong>auri-</strong></span> 
     </span>
     <span class='ocr_line' id='line_1_17' title="bbox 244 2209 1253 2310; baseline 0.003 -29"><span class='ocrx_word' id='word_1_107' title='bbox 244 2209 311 2283; x_wconf 86' lang='lat' dir='ltr'><strong>bus</strong></span> <span class='ocrx_word' id='word_1_108' title='bbox 327 2236 450 2284; x_wconf 90' lang='lat' dir='ltr'><strong>eorum</strong></span> <span class='ocrx_word' id='word_1_109' title='bbox 468 2209 625 2283; x_wconf 89' lang='lat' dir='ltr'><strong>illabitur</strong></span> <span class='ocrx_word' id='word_1_110' title='bbox 651 2266 660 2283; x_wconf 92' lang='lat'><strong>.</strong></span> <span class='ocrx_word' id='word_1_111' title='bbox 688 2212 849 2300; x_wconf 63' lang='lat' dir='ltr'><strong>“Vade&#39;&#39;</strong></span> <span class='ocrx_word' id='word_1_112' title='bbox 873 2209 1026 2310; x_wconf 86' lang='lat' dir='ltr'><strong>inquid,l</strong></span> <span class='ocrx_word' id='word_1_113' title='bbox 1055 2211 1145 2283; x_wconf 90' lang='lat' dir='ltr'><strong>“vir</strong></span> <span class='ocrx_word' id='word_1_114' title='bbox 1161 2210 1253 2284; x_wconf 90' lang='lat' dir='ltr'><strong>bone</strong></span> 
     </span>
     <span class='ocr_line' id='line_1_18' title="bbox 246 2321 1254 2423; baseline 0.003 -29"><span class='ocrx_word' id='word_1_115' title='bbox 246 2322 291 2396; x_wconf 90' lang='lat' dir='ltr'><strong>ad</strong></span> <span class='ocrx_word' id='word_1_116' title='bbox 320 2321 493 2395; x_wconf 90' lang='lat' dir='ltr'><strong>ecclesiam</strong></span> <span class='ocrx_word' id='word_1_117' title='bbox 523 2321 625 2396; x_wconf 74' lang='lat' dir='ltr'><strong>sansti</strong></span> <span class='ocrx_word' id='word_1_118' title='bbox 650 2322 822 2416; x_wconf 90' lang='lat' dir='ltr'><strong>Johannis</strong></span> <span class='ocrx_word' id='word_1_119' title='bbox 850 2340 1007 2422; x_wconf 89' lang='lat' dir='ltr'><strong>paratam</strong></span> <span class='ocrx_word' id='word_1_120' title='bbox 1033 2322 1081 2395; x_wconf 96' lang='lat' dir='ltr'><strong>ibi</strong></span> <span class='ocrx_word' id='word_1_121' title='bbox 1107 2323 1254 2423; x_wconf 87' lang='lat' dir='ltr'><strong>accipies</strong></span> 
     </span>
     <span class='ocr_line' id='line_1_19' title="bbox 245 2432 1254 2511; baseline 0.003 -4"><span class='ocrx_word' id='word_1_122' title='bbox 245 2434 490 2509; x_wconf 84' lang='lat' dir='ltr'><strong>mansionem.’&#39;</strong></span> <span class='ocrx_word' id='word_1_123' title='bbox 540 2435 733 2510; x_wconf 88' lang='lat' dir='ltr'><strong>Attonitus</strong></span> <span class='ocrx_word' id='word_1_124' title='bbox 749 2432 793 2509; x_wconf 92' lang='lat' dir='ltr'><strong>ad</strong></span> <span class='ocrx_word' id='word_1_125' title='bbox 819 2435 939 2511; x_wconf 91' lang='lat' dir='ltr'><strong>audita</strong></span> <span class='ocrx_word' id='word_1_126' title='bbox 966 2435 1120 2509; x_wconf 90' lang='lat' dir='ltr'><strong>minister</strong></span> <span class='ocrx_word' id='word_1_127' title='bbox 1149 2437 1254 2510; x_wconf 91' lang='lat' dir='ltr'><strong>oculo</strong></span> 
     </span>
     <span class='ocr_line' id='line_1_20' title="bbox 246 2546 1255 2648; baseline 0.002 -28"><span class='ocrx_word' id='word_1_128' title='bbox 246 2547 404 2648; x_wconf 90' lang='lat' dir='ltr'><strong>undique</strong></span> <span class='ocrx_word' id='word_1_129' title='bbox 433 2546 720 2647; x_wconf 60' lang='lat' dir='ltr'><strong>circumspectans</strong></span> <span class='ocrx_word' id='word_1_130' title='bbox 749 2547 886 2622; x_wconf 91' lang='lat' dir='ltr'><strong>curioso</strong></span> <span class='ocrx_word' id='word_1_131' title='bbox 917 2605 925 2622; x_wconf 92' lang='lat'><strong>.</strong></span> <span class='ocrx_word' id='word_1_132' title='bbox 956 2549 1051 2623; x_wconf 89' lang='lat' dir='ltr'><strong>edite</strong></span> <span class='ocrx_word' id='word_1_133' title='bbox 1077 2549 1174 2621; x_wconf 88' lang='lat' dir='ltr'><strong>vocis</strong></span> <span class='ocrx_word' id='word_1_134' title='bbox 1199 2548 1255 2622; x_wconf 92' lang='lat' dir='ltr'><strong>iii-</strong></span> 
     </span>
     <span class='ocr_line' id='line_1_21' title="bbox 246 2660 1255 2760; baseline 0.001 -26"><span class='ocrx_word' id='word_1_135' title='bbox 246 2661 355 2760; x_wconf 91' lang='lat' dir='ltr'><strong>quirit</strong></span> <span class='ocrx_word' id='word_1_136' title='bbox 383 2661 613 2760; x_wconf 88' lang='lat' dir='ltr'><strong>prolatorem:</strong></span> <span class='ocrx_word' id='word_1_137' title='bbox 641 2660 698 2737; x_wconf 95' lang='lat' dir='ltr'><strong>sed</strong></span> <span class='ocrx_word' id='word_1_138' title='bbox 724 2688 795 2735; x_wconf 91' lang='lat' dir='ltr'><strong>non</strong></span> <span class='ocrx_word' id='word_1_139' title='bbox 812 2662 1019 2760; x_wconf 89' lang='lat' dir='ltr'><strong>comparuit.</strong></span> <span class='ocrx_word' id='word_1_140' title='bbox 1072 2662 1255 2736; x_wconf 91' lang='lat' dir='ltr'><strong>Nimirum</strong></span> 
     </span>
     <span class='ocr_line' id='line_1_22' title="bbox 246 2773 1254 2874; baseline 0.002 -28"><span class='ocrx_word' id='word_1_141' title='bbox 246 2775 411 2873; x_wconf 88' lang='lat' dir='ltr'><strong>angelum</strong></span> <span class='ocrx_word' id='word_1_142' title='bbox 440 2774 588 2848; x_wconf 92' lang='lat' dir='ltr'><strong>Domini</strong></span> <span class='ocrx_word' id='word_1_143' title='bbox 623 2774 757 2848; x_wconf 88' lang='lat' dir='ltr'><strong>bonum</strong></span> <span class='ocrx_word' id='word_1_144' title='bbox 792 2776 853 2874; x_wconf 93' lang='lat' dir='ltr'><strong>qui</strong></span> <span class='ocrx_word' id='word_1_145' title='bbox 888 2775 1012 2849; x_wconf 90' lang='lat' dir='ltr'><strong>itinera</strong></span> <span class='ocrx_word' id='word_1_146' title='bbox 1046 2773 1105 2848; x_wconf 91' lang='lat' dir='ltr'><strong>sua</strong></span> <span class='ocrx_word' id='word_1_147' title='bbox 1139 2773 1254 2848; x_wconf 90' lang='lat' dir='ltr'><strong>secum</strong></span> 
     </span>
     <span class='ocr_line' id='line_1_23' title="bbox 247 2884 1256 2986; baseline 0.003 -27"><span class='ocrx_word' id='word_1_148' title='bbox 247 2886 433 2960; x_wconf 90' lang='lat' dir='ltr'><strong>comitatus</strong></span> <span class='ocrx_word' id='word_1_149' title='bbox 460 2886 548 2960; x_wconf 90' lang='lat' dir='ltr'><strong>bene</strong></span> <span class='ocrx_word' id='word_1_150' title='bbox 578 2884 711 2985; x_wconf 90' lang='lat' dir='ltr'><strong>semper</strong></span> <span class='ocrx_word' id='word_1_151' title='bbox 744 2886 956 2986; x_wconf 90' lang='lat' dir='ltr'><strong>disposuisset</strong></span> <span class='ocrx_word' id='word_1_152' title='bbox 991 2890 1092 2962; x_wconf 89' lang='lat' dir='ltr'><strong>illurn</strong></span> <span class='ocrx_word' id='word_1_153' title='bbox 1118 2887 1256 2962; x_wconf 76' lang='lat' dir='ltr'><strong>secisse²</strong></span> 
     </span>
     <span class='ocr_line' id='line_1_24' title="bbox 247 2999 1256 3099; baseline 0.002 -27"><span class='ocrx_word' id='word_1_154' title='bbox 247 2999 308 3098; x_wconf 93' lang='lat' dir='ltr'><strong>qui</strong></span> <span class='ocrx_word' id='word_1_155' title='bbox 332 3001 377 3075; x_wconf 90' lang='lat' dir='ltr'><strong>de</strong></span> <span class='ocrx_word' id='word_1_156' title='bbox 394 3017 513 3099; x_wconf 89' lang='lat' dir='ltr'><strong>parata</strong></span> <span class='ocrx_word' id='word_1_157' title='bbox 530 3000 589 3073; x_wconf 92' lang='lat' dir='ltr'><strong>sibi</strong></span> <span class='ocrx_word' id='word_1_158' title='bbox 608 3000 781 3074; x_wconf 81' lang='lat' dir='ltr'><strong>mansione</strong></span> <span class='ocrx_word' id='word_1_159' title='bbox 800 3057 809 3073; x_wconf 95' lang='lat'><strong>.</strong></span> <span class='ocrx_word' id='word_1_160' title='bbox 827 3002 891 3075; x_wconf 90' lang='lat' dir='ltr'><strong>hec</strong></span> <span class='ocrx_word' id='word_1_161' title='bbox 918 3001 1151 3076; x_wconf 86' lang='lat' dir='ltr'><strong>denunciasset</strong></span> <span class='ocrx_word' id='word_1_162' title='bbox 1178 3000 1256 3075; x_wconf 90' lang='lat' dir='ltr'><strong>viro</strong></span> 
     </span>
     <span class='ocr_line' id='line_1_25' title="bbox 247 3110 1257 3215; baseline 0.002 -29"><span class='ocrx_word' id='word_1_163' title='bbox 247 3114 316 3186; x_wconf 90' lang='lat' dir='ltr'><strong>Dei</strong></span> <span class='ocrx_word' id='word_1_164' title='bbox 334 3110 491 3192; x_wconf 82' lang='lat' dir='ltr'><strong>nonfuit</strong></span> <span class='ocrx_word' id='word_1_165' title='bbox 516 3112 699 3186; x_wconf 90' lang='lat' dir='ltr'><strong>incertum.</strong></span> <span class='ocrx_word' id='word_1_166' title='bbox 752 3112 828 3215; x_wconf 87' lang='lat' dir='ltr'><strong>lpse</strong></span> <span class='ocrx_word' id='word_1_167' title='bbox 845 3140 929 3188; x_wconf 89' lang='lat' dir='ltr'><strong>vero</strong></span> <span class='ocrx_word' id='word_1_168' title='bbox 945 3141 1043 3190; x_wconf 88' lang='lat' dir='ltr'><strong>more</strong></span> <span class='ocrx_word' id='word_1_169' title='bbox 1061 3114 1122 3189; x_wconf 93' lang='lat' dir='ltr'><strong>suo</strong></span> <span class='ocrx_word' id='word_1_170' title='bbox 1138 3140 1257 3215; x_wconf 90' lang='lat' dir='ltr'><strong>panno</strong></span> 
     </span>
     <span class='ocr_line' id='line_1_26' title="bbox 248 3225 1353 3328; baseline 0.005 -31"><span class='ocrx_word' id='word_1_171' title='bbox 248 3242 328 3298; x_wconf 90' lang='lat' dir='ltr'><strong>ante</strong></span> <span class='ocrx_word' id='word_1_172' title='bbox 362 3225 483 3299; x_wconf 90' lang='lat' dir='ltr'><strong>oculos</strong></span> <span class='ocrx_word' id='word_1_173' title='bbox 524 3227 698 3325; x_wconf 90' lang='lat' dir='ltr'><strong>pendente</strong></span> <span class='ocrx_word' id='word_1_174' title='bbox 741 3283 756 3313; x_wconf 82' lang='lat'><strong>.</strong></span> <span class='ocrx_word' id='word_1_175' title='bbox 794 3244 830 3301; x_wconf 88' lang='lat' dir='ltr'><strong>et</strong></span> <span class='ocrx_word' id='word_1_176' title='bbox 862 3244 976 3301; x_wconf 88' lang='lat' dir='ltr'><strong>totam</strong></span> <span class='ocrx_word' id='word_1_177' title='bbox 1010 3254 1098 3328; x_wconf 90' lang='lat' dir='ltr'><strong>pene</strong></span> <span class='ocrx_word' id='word_1_178' title='bbox 1131 3226 1256 3302; x_wconf 81' lang='lat' dir='ltr'><strong>faciem</strong></span> <span class='ocrx_word' id='word_1_179' title='bbox 1351 3227 1353 3231; x_wconf 67' lang='grc'><strong>’</strong></span> 
     </span>
     <span class='ocr_line' id='line_1_27' title="bbox 247 3336 1255 3438; baseline 0.001 -26"><span class='ocrx_word' id='word_1_180' title='bbox 247 3339 424 3437; x_wconf 87' lang='lat' dir='ltr'><strong>operiente</strong></span> <span class='ocrx_word' id='word_1_181' title='bbox 462 3395 471 3411; x_wconf 91' lang='lat'><strong>.</strong></span> <span class='ocrx_word' id='word_1_182' title='bbox 510 3336 682 3438; x_wconf 71' lang='lat' dir='ltr'><strong>aspeetum</strong></span> <span class='ocrx_word' id='word_1_183' title='bbox 716 3339 776 3412; x_wconf 87' lang='lat' dir='ltr'><strong>fibi</strong></span> <span class='ocrx_word' id='word_1_184' title='bbox 810 3341 983 3414; x_wconf 85' lang='lat' dir='ltr'><strong>velaverat</strong></span> <span class='ocrx_word' id='word_1_185' title='bbox 1017 3368 1061 3415; x_wconf 90' lang='lat' dir='ltr'><strong>ne</strong></span> <span class='ocrx_word' id='word_1_186' title='bbox 1094 3341 1255 3416; x_wconf 90' lang='lat' dir='ltr'><strong>videlicet</strong></span> 
     </span>
     <span class='ocr_line' id='line_1_28' title="bbox 247 3451 1257 3527; baseline 0.002 -3"><span class='ocrx_word' id='word_1_187' title='bbox 247 3451 509 3525; x_wconf 88' lang='lat' dir='ltr'><strong>occurrentibus</strong></span> <span class='ocrx_word' id='word_1_188' title='bbox 526 3451 572 3524; x_wconf 93' lang='lat' dir='ltr'><strong>ob</strong></span> <span class='ocrx_word' id='word_1_189' title='bbox 598 3452 787 3526; x_wconf 89' lang='lat' dir='ltr'><strong>notabilem</strong></span> <span class='ocrx_word' id='word_1_190' title='bbox 812 3453 1011 3527; x_wconf 85' lang='lat' dir='ltr'><strong>cicatricum</strong></span> <span class='ocrx_word' id='word_1_191' title='bbox 1037 3451 1175 3527; x_wconf 92' lang='lat' dir='ltr'><strong>suarum</strong></span> <span class='ocrx_word' id='word_1_192' title='bbox 1191 3452 1257 3526; x_wconf 93' lang='lat' dir='ltr'><strong>ob-</strong></span> 
     </span>
     <span class='ocr_line' id='line_1_29' title="bbox 247 3563 1255 3666; baseline -0.002 -26"><span class='ocrx_word' id='word_1_193' title='bbox 247 3565 453 3640; x_wconf 88' lang='lat' dir='ltr'><strong>duccionem</strong></span> <span class='ocrx_word' id='word_1_194' title='bbox 480 3563 608 3664; x_wconf 87' lang='lat' dir='ltr'><strong>stupori</strong></span> <span class='ocrx_word' id='word_1_195' title='bbox 632 3564 712 3638; x_wconf 88' lang='lat' dir='ltr'><strong>esset</strong></span> <span class='ocrx_word' id='word_1_196' title='bbox 731 3622 739 3639; x_wconf 92' lang='lat'><strong>.</strong></span> <span class='ocrx_word' id='word_1_197' title='bbox 758 3568 813 3639; x_wconf 88' lang='lat' dir='ltr'><strong>vel</strong></span> <span class='ocrx_word' id='word_1_198' title='bbox 837 3567 861 3639; x_wconf 95' lang='lat' dir='ltr'><strong>si</strong></span> <span class='ocrx_word' id='word_1_199' title='bbox 883 3564 1123 3666; x_wconf 89' lang='lat' dir='ltr'><strong>agnosceretur</strong></span> <span class='ocrx_word' id='word_1_200' title='bbox 1147 3567 1255 3640; x_wconf 90' lang='lat' dir='ltr'><strong>eciam</strong></span> 
     </span>
     <span class='ocr_line' id='line_1_30' title="bbox 248 3676 1258 3755; baseline 0.001 -5"><span class='ocrx_word' id='word_1_201' title='bbox 248 3676 465 3750; x_wconf 87' lang='lat' dir='ltr'><strong>veneracioni</strong></span> <span class='ocrx_word' id='word_1_202' title='bbox 484 3734 493 3750; x_wconf 99' lang='lat'><strong>.</strong></span> <span class='ocrx_word' id='word_1_203' title='bbox 511 3678 566 3750; x_wconf 92' lang='lat' dir='ltr'><strong>vel</strong></span> <span class='ocrx_word' id='word_1_204' title='bbox 584 3704 628 3751; x_wconf 94' lang='lat' dir='ltr'><strong>ne</strong></span> <span class='ocrx_word' id='word_1_205' title='bbox 646 3680 690 3753; x_wconf 91' lang='lat' dir='ltr'><strong>ad</strong></span> <span class='ocrx_word' id='word_1_206' title='bbox 713 3679 840 3753; x_wconf 88' lang='lat' dir='ltr'><strong>mentis</strong></span> <span class='ocrx_word' id='word_1_207' title='bbox 862 3679 980 3755; x_wconf 90' lang='lat' dir='ltr'><strong>abdita</strong></span> <span class='ocrx_word' id='word_1_208' title='bbox 998 3736 1007 3753; x_wconf 94' lang='lat'><strong>.</strong></span> <span class='ocrx_word' id='word_1_209' title='bbox 1027 3677 1173 3752; x_wconf 80' lang='lat' dir='ltr'><strong>sensibus</strong></span> <span class='ocrx_word' id='word_1_210' title='bbox 1190 3705 1258 3752; x_wconf 92' lang='lat' dir='ltr'><strong>un-</strong></span> 
     </span>
     <span class='ocr_line' id='line_1_31' title="bbox 250 3790 1257 3891; baseline 0.001 -27"><span class='ocrx_word' id='word_1_211' title='bbox 250 3790 434 3889; x_wconf 89' lang='lat' dir='ltr'><strong>decunque</strong></span> <span class='ocrx_word' id='word_1_212' title='bbox 460 3792 652 3865; x_wconf 89' lang='lat' dir='ltr'><strong>occurrenti</strong></span> <span class='ocrx_word' id='word_1_213' title='bbox 678 3808 810 3891; x_wconf 90' lang='lat' dir='ltr'><strong>pateret</strong></span> <span class='ocrx_word' id='word_1_214' title='bbox 835 3793 949 3867; x_wconf 86' lang='lat' dir='ltr'><strong>aditus</strong></span> <span class='ocrx_word' id='word_1_215' title='bbox 974 3793 1132 3866; x_wconf 88' lang='lat' dir='ltr'><strong>vanitati.</strong></span> <span class='ocrx_word' id='word_1_216' title='bbox 1183 3793 1257 3865; x_wconf 90' lang='lat' dir='ltr'><strong>De·</strong></span> 
     </span>
     <span class='ocr_line' id='line_1_32' title="bbox 256 3901 1258 4005; baseline 0.004 -29"><span class='ocrx_word' id='word_1_217' title='bbox 256 3901 390 4004; x_wconf 88' lang='lat' dir='ltr'><strong>signant</strong></span> <span class='ocrx_word' id='word_1_218' title='bbox 429 3928 514 3977; x_wconf 87' lang='lat' dir='ltr'><strong>mox</strong></span> <span class='ocrx_word' id='word_1_219' title='bbox 546 3904 662 4004; x_wconf 90' lang='lat' dir='ltr'><strong>digito</strong></span> <span class='ocrx_word' id='word_1_220' title='bbox 695 3906 756 4005; x_wconf 93' lang='lat' dir='ltr'><strong>qui</strong></span> <span class='ocrx_word' id='word_1_221' title='bbox 791 3906 1053 3980; x_wconf 90' lang='lat' dir='ltr'><strong>circumstabant</strong></span> <span class='ocrx_word' id='word_1_222' title='bbox 1086 3906 1258 3981; x_wconf 86' lang='lat' dir='ltr'><strong>ecclesiam</strong></span> 
     </span>
    </p>
   </div>
   <div class='ocr_carea' id='block_1_3' title="bbox 339 4044 1175 4124">
    <p class='ocr_par' dir='ltr' id='par_1_3' title="bbox 339 4044 1175 4124">
     <span class='ocr_line' id='line_1_33' title="bbox 339 4044 1175 4124; baseline 0.004 -20"><span class='ocrx_word' id='word_1_223' title='bbox 339 4044 351 4085; x_wconf 83' lang='lat'>¹</span> <span class='ocrx_word' id='word_1_224' title='bbox 373 4044 482 4116; x_wconf 71' lang='lat' dir='ltr'><strong>H.M.;</strong></span> <span class='ocrx_word' id='word_1_225' title='bbox 502 4045 602 4124; x_wconf 85' lang='lat' dir='ltr'><strong>inquit,</strong></span> <span class='ocrx_word' id='word_1_226' title='bbox 617 4045 657 4107; x_wconf 90' lang='lat' dir='ltr'><strong>G.</strong></span> <span class='ocrx_word' id='word_1_227' title='bbox 871 4045 884 4085; x_wconf 82' lang='lat'>²</span> <span class='ocrx_word' id='word_1_228' title='bbox 904 4045 1014 4116; x_wconf 83' lang='lat' dir='ltr'><strong>H.M.;</strong></span> <span class='ocrx_word' id='word_1_229' title='bbox 1035 4047 1122 4120; x_wconf 82' lang='lat' dir='ltr'><strong>fuisse,</strong></span> <span class='ocrx_word' id='word_1_230' title='bbox 1137 4047 1175 4108; x_wconf 87' lang='lat' dir='ltr'><strong>G.</strong></span> 
     </span>
    </p>
   </div>
   <div class='ocr_carea' id='block_1_4' title="bbox 0 0 1517 5152">
    <p class='ocr_par' dir='ltr' id='par_1_4' title="bbox 0 0 1517 5152">
     <span class='ocr_line' id='line_1_34' title="bbox 0 0 1517 5152; baseline 0 0"><span class='ocrx_word' id='word_1_231' title='bbox 0 0 1517 5152; x_wconf 95' lang='lat' dir='ltr'><strong> </strong></span> 
     </span>
    </p>
   </div>
  </div>
 </body>
</html>
