3000 5152
524 283 615 363 Vita
644 280 809 364 Haroldi
832 282 961 391 Regis.
1189 308 1241 390 45

239 489 388 564 Crisanti
417 506 452 564 et
478 490 586 566 Darie
614 491 749 566 rediens
778 492 822 566 ad
852 491 992 590 propria
1019 491 1119 565 beata
1145 491 1244 565 srmul

240 605 309 678 ossa
343 602 435 678 visus
468 604 507 677 srt
542 604 722 704 asportasse
756 632 776 679 a
811 607 934 679 Roma.
988 607 1120 679 Verum
1155 605 1244 680 tanti

241 718 385 819 predam
413 716 563 793 thesauri
594 720 736 794 tandem
766 718 826 793 fibi
862 736 1058 819 prereptum
1093 718 1244 793 Romani

242 829 430 906 sencientes
445 849 481 906 et
498 831 537 920 id
553 858 625 906 non
641 858 732 932 eque
749 829 914 907 serentes:
935 832 1011 933 jam
1030 832 1215 908 abeuntem
1234 890 1243 906 .
1300 871 1307 883 ,

236 943 313 1044 jam
330 943 471 1045 longius
483 942 721 1020 abscedentem
738 945 830 1020 diete
842 944 919 1045 jam
931 944 1034 1020 tercie
1052 943 1108 1020 seu
1122 961 1245 1046 quarte

241 1056 380 1132 emenso
404 1057 527 1133 itinere
550 1059 650 1159 pium
680 1057 853 1133 consecuti
880 1060 1069 1158 predonem
1094 1060 1245 1160 gressum

241 1171 349 1247 sistere
374 1188 518 1272 cogunt.
572 1172 649 1246 Nec
679 1171 773 1246 enim
800 1171 902 1248 reniti
929 1189 991 1246 aut
1024 1171 1157 1246 viribus
1190 1172 1245 1245 vel

241 1283 325 1386 fuga
341 1309 523 1385 erumpere
540 1285 784 1386 indigenarum
804 1285 998 1360 multitudo
1014 1311 1144 1385 paucos
1160 1285 1247 1359 sme-

242 1399 301 1474 bat
319 1399 545 1501 peregrinos„
574 1399 674 1497 Quid
692 1399 825 1474 multa?
871 1401 1052 1474 Tenetur.
1072 1405 1244 1474 arctatur.

242 1512 408 1586 conviciis
425 1530 572 1613 urgetur
598 1513 795 1587 Haroldus.
848 1515 1028 1614 Quodque
1045 1513 1112 1587 hiis
1129 1512 1246 1613 egrius
1326 1579 1329 1583 .

241 1612 349 1700 tulit.
365 1625 514 1725 pristinis
532 1624 774 1725 possessoribus
790 1624 922 1701 minus1
936 1644 1043 1727 prout
1056 1624 1244 1700 asserebant

241 1738 413 1839 legittime
444 1739 670 1838 conquisitas:
702 1740 845 1815 reddere
873 1740 1097 1840 compellitur
1132 1738 1245 1814 inesti-

242 1852 379 1926 mabilis
419 1852 523 1952 precii
566 1851 781 1953 margaritas.
852 1853 1097 1929 Predidtorum
1137 1853 1245 1956 igitur

241 1964 369 2039 Christi
395 1965 532 2040 testium
560 1965 597 2038 in
623 1965 752 2040 divinis
778 1993 850 2041 non
882 1966 1052 2068 suffragiis
1074 1967 1246 2042 violencia

242 2079 484 2152 Romanorum
509 2076 702 2178 spoliatus.
722 2096 834 2153 cetera
864 2072 935 2154 non
964 2081 1080 2155 minus
1098 2080 1245 2182 precios-

240 2191 350 2265 illima
367 2192 481 2265 Rome
507 2190 687 2266 obiterve2
704 2193 872 2294 adquisita
891 2251 899 2267 .
919 2194 955 2267 in
982 2195 1115 2268 ecclesia
1134 2194 1246 2295 sepius

240 2322 433 2380 memorata
468 2303 578 2404 patrie
611 2306 770 2381 redditus
800 2305 914 2381 secum
940 2308 1060 2381 attulit
1087 2333 1245 2382 reveren-

241 2418 366 2493 tissime
400 2418 667 2492 conservanda.·
707 2419 922 2493 Devocionis
955 2447 1040 2496 vero
1073 2420 1170 2495 illius
1210 2439 1245 2496 et
1259 2433 1333 2482 Nov-

242 2532 375 2606 cautele
394 2589 401 2604 .
421 2530 642 2633 vigilanciam
669 2531 705 2605 in
723 2532 948 2633 adquirendis
972 2551 1008 2608 et
1034 2533 1245 2610 reservandis

242 2644 437 2719 sanctorum
463 2646 620 2746 reliquiis
645 2646 669 2719 sr
695 2672 803 2746 quem
830 2647 969 2746 plenius
995 2648 1089 2723 nosse
1119 2648 1243 2750 juvat:

172 2853 175 2863 Ι
244 2777 466 2859 prenotatum
514 2761 558 2835 de
599 2760 806 2836 invencione
847 2761 958 2836 crucis
998 2764 1245 2838 Waltamensrs

243 2872 398 2972 superius
427 2877 615 2947 tractatum
643 2872 791 2948 studiose
820 2876 988 2950 revolvat.
1042 2877 1121 2951 Nos
1150 2876 1245 2951 enim
1258 2897 1278 2946 r.
1291 2912 1325 2946 ιε.

242 3012 311 3086 que
329 3014 348 3060 a
366 2986 541 3061 veteribus
559 2985 682 3086 scripta
696 2985 776 3061 sunt
794 2986 1083 3064 intermittentes:
1111 3016 1246 3065 novum

243 3099 399 3173 nostrum
417 3125 511 3173 novo
529 3099 593 3172 stili
622 3100 735 3173 officio
753 3099 1002 3202 prosequemur
1024 3120 1064 3177 ut
1091 3104 1246 3205 cepimus

242 3213 381 3287 Christo
407 3214 556 3288 ducente
582 3214 815 3314 peregrinum.
869 3217 988 3313 Quem
1014 3217 1091 3291 etsr
1116 3218 1246 3293 multas

243 3327 504 3426 perlustrantem
533 3328 628 3403 orbis
651 3329 835 3403 Christiani
864 3330 1093 3428 provincias.
1121 3349 1246 3434 totque

241 3546 315 3606 been
335 3546 436 3606 walled
457 3568 496 3625 up
513 3561 541 3606 at
562 3549 636 3607 their
657 3548 744 3608 romb.
788 3548 858 3608 The
880 3550 1001 3609 remains
1023 3551 1058 3610 of
1080 3552 1126 3612 SS.
1154 3551 1247 3630 Chry·

242 3627 355 3687 santhus
373 3627 428 3687 and
442 3627 529 3687 Daria
542 3629 599 3688 had
620 3629 693 3689 been
715 3629 866 3689 transsated
888 3645 917 3689 to
938 3632 987 3690 the
1000 3632 1104 3711 Abbey
1118 3633 1153 3691 os
1163 3633 1247 3692 Prom

240 3709 270 3766 in
285 3709 334 3768 the
349 3708 458 3768 diocese
472 3709 508 3767 of
518 3710 618 3769 Triers
631 3712 660 3770 in
675 3731 731 3772 no.
750 3713 818 3787 842,
832 3711 871 3789 by
883 3711 937 3788 gift
951 3712 986 3771 of
997 3712 1073 3791 Pope
1083 3714 1194 3791 Sergius
1205 3715 1246 3774 11.

240 3790 277 3848 In
292 3809 349 3850 no.
366 3791 425 3868 844
446 3791 514 3868 they
534 3810 609 3850 were
629 3791 765 3852 removed
786 3806 816 3850 to
837 3793 886 3851 the
907 3793 1010 3871 Abbey
1024 3794 1059 3852 os
1068 3795 1108 3854 St.
1124 3796 1197 3854 Avol
1216 3816 1248 3855 or

241 3871 280 3930 St
306 3869 405 3930 Navor
428 3871 457 3929 in
485 3872 535 3930 the
563 3871 672 3933 diocese
700 3873 735 3931 of
755 3872 848 3943 Metz,
871 3874 1022 3950 according
1044 3888 1073 3933 to
1096 3875 1247 3946 Mabillon,

242 3953 309 4012 Saec.
327 3955 363 4011 iv.
383 3952 477 4010 Bened
494 3973 521 4030 p.
538 3950 605 4012 611.

302 4033 313 4072 ¹
336 4032 377 4091 H.
393 4057 403 4102 3
424 4032 552 4104 omitted,
568 4034 657 4094 M.G.
800 4033 813 4074 ²
833 4034 897 4105 G.;
917 4035 955 4095 ob
969 4037 1022 4097 iter
1035 4058 1079 4109 ve,
1095 4038 1186 4098 ΗΜ.
