3000 5152
530 311 618 390 Vita
648 307 812 389 Haroldi
837 310 965 416 Reges.
1180 304 1243 417 73

244 519 364 592 culum
398 520 522 594 edebat
553 577 562 593 .
594 544 776 618 nunquam
806 516 999 617 insumptol
1035 543 1108 591 uno
1141 518 1247 591 latere

246 633 338 704 latus
368 633 543 732 reliquum
563 633 759 731 attingebat
778 688 786 705 .
805 649 867 705 aut
889 632 1062 732 regirabat
1081 629 1167 710 ..sed
1191 630 1248 704 vel

247 743 402 819 ministro
419 746 477 819 vel
494 771 606 846 egeno
622 745 804 819 staffuilset
821 775 829 819 :
848 745 1017 818 intactum
1034 743 1246 844 porrigebat.
1320 752 1324 764 '

245 856 334 958 Ejus
368 859 536 932 nimirum
568 857 624 932 vir
657 856 792 933 sanetus
825 858 1022 932 intencione
1047 857 1249 957 rigidissima

244 972 447 1070 complexus
463 973 665 1071 exemplum
682 971 737 1072 cuj
743 998 784 1045 us
801 971 860 1045 fibi
879 971 1032 1045 nominis
1048 969 1248 1046 vendicarat

127 1101 132 1108 '
245 1082 494 1183 participium:
513 1084 639 1158 maluit
656 1084 896 1183 temporaliter
922 1109 1003 1157 cum
1029 1082 1168 1157 Christo
1186 1138 1195 1156 .
1213 1098 1249 1155 et

243 1220 309 1295 pro
351 1196 489 1270 Christo
525 1196 601 1297 jam
644 1222 665 1269 a
707 1197 846 1271 Christo
887 1196 1001 1270 dictus
1034 1195 1250 1269 Christianus

243 1307 370 1408 despici
419 1326 455 1382 et
504 1308 629 1409 affligi:
680 1335 788 1409 quam
831 1310 954 1384 mundi
997 1306 1172 1381 favoribus
1213 1323 1250 1380 et

245 1421 504 1496 oblectamentis
533 1421 721 1496 demulceri
740 1479 749 1497 .
768 1425 861 1499 unde
891 1440 926 1496 et
945 1419 1099 1522 seipsum
1129 1419 1249 1496 sevicie

244 1536 474 1610 Wallcnfium
491 1537 585 1610 ultro
602 1538 750 1610 duxerat
772 1538 1021 1636 exponendum
1039 1559 1172 1634 ponens
1189 1534 1249 1608 stbi

244 1666 325 1722 ante
354 1650 482 1722 mentis
508 1651 629 1723 oculos
655 1648 847 1749 paschalem
876 1654 1025 1749 Agnum
1048 1649 1110 1747 qui
1129 1647 1251 1748 sponte

245 1760 392 1860 seipsum
425 1761 574 1861 optulit²
607 1762 725 1862 impiis
765 1762 998 1838 sacerdotibus
1041 1787 1107 1861 pro
1148 1761 1251 1836 nobis

244 1874 515 1950 immolandum.

294 1989 390 2079 Sicut
438 1986 550 2061 cnim⁸
599 1987 757 2062 Christus
798 1988 991 2063 ambulavit
1034 1987 1251 2061 Christianus

245 2100 389 2199 cupiens
418 2100 595 2173 ambulare
622 2103 771 2200 Agnum
798 2128 906 2201 quem
933 2101 1025 2176 sorte
1056 2100 1151 2202 sequi
1178 2127 1250 2174 non

180 2275 183 2278 ⁴
244 2231 382 2311 poterat
430 2239 491 2311 per
532 2214 703 2287 illibatam
743 2217 856 2288 carnis
898 2216 1112 2290 mundiciam
1153 2213 1249 2314 sequi

243 2318 421 2398 festinabat
439 2352 665 2426 quocumque
695 2328 761 2400 iret
790 2345 869 2400 tum
896 2355 957 2427 per
983 2329 1107 2402 mundi
1135 2329 1251 2401 cordia

245 2440 434 2536 puritatem
469 2495 478 2512 .
513 2457 593 2512 tum
628 2466 689 2538 per
715 2440 829 2514 afflicti
860 2441 1016 2540 corporis
1049 2442 1249 2540 passionem.

245 2552 409 2628 Faciendi
453 2579 604 2653 namque
647 2553 783 2627 fervens
825 2552 942 2628 amor'e
985 2556 1080 2655 quast
1124 2580 1250 2654 parum

243 2682 409 2763 reputans
453 2665 624 2764 quicquid
664 2665 734 2766 ipsc
774 2667 833 2740 fibi
868 2666 1019 2740 carnifex
1061 2665 1252 2767 asperitatis

242 2757 411 2850 intulisset
445 2778 583 2878 corpori
617 2796 652 2852 et
687 2779 800 2854 inedie
834 2781 937 2854 essere
963 2782 1078 2880 gentis
1104 2780 1252 2854 libenter

245 2890 356 2963 adivit
373 2891 646 2965 contubernium
665 2949 673 2965 .
692 2919 712 2964 a
729 2919 800 2992 qua
824 2894 884 2967 etsi
906 2894 1098 2994 quominus
1115 2894 1251 2967 crucifi-

244 3003 402 3100 gendum
419 3005 524 3077 variis
540 3022 658 3077 tamen
672 3008 787 3080 modis
799 3004 831 3080 se
850 3023 994 3080 noverat
1011 3006 1248 3106 affligendum.

246 3115 322 3187 Nec
357 3114 450 3189 secus
484 3142 592 3215 quam
626 3115 780 3215 sperabat
808 3137 844 3191 et
871 3119 1033 3218 optabat:
1060 3118 1103 3192 ab
1133 3119 1252 3194 infidia

245 3225 435 3327 serinisque
452 3229 676 3302 homunculis
693 3233 838 3329 pertulit
858 3288 866 3304 .
884 3231 1086 3305 verberibus
1099 3257 1251 3331 namque

245 3336 421 3414 sevissimis
450 3368 470 3413 a
500 3341 703 3416 latrunculis
732 3370 855 3417 eorum
886 3342 998 3443 sepius
1025 3345 1251 3418 vehementer

242 3454 386 3527 attritus
402 3455 531 3553 quibus
548 3454 655 3527 etiam
672 3457 806 3555 possent
830 3456 1009 3556 dampnis²
1025 3458 1249 3531 afficiebatur.

284 3637 295 3676 ¹
318 3639 431 3710 H.M.;
452 3640 625 3718 consumpto,
641 3642 680 3700 G.
880 3640 893 3680 ²
915 3642 1022 3711 H.M.;
1044 3642 1154 3714 obtulit,
1169 3642 1209 3701 G.

283 3718 295 3757 ⁸
316 3720 385 3778 The
400 3720 446 3779 use
462 3722 554 3780 osche
570 3725 681 3781 ancient
695 3722 847 3781 diacritical
863 3725 941 3782 mark
957 3724 992 3781 os
1001 3724 1191 3781 abbreviation
1206 3723 1251 3781 sor

242 3800 297 3858 this
310 3801 389 3859 word
402 3801 471 3881 (m.)
484 3823 549 3878 goes
564 3803 606 3879 sar
620 3819 650 3861 to
664 3804 737 3861 lhcw
753 3806 813 3862 that
827 3805 876 3863 the
893 3804 981 3863 scribe
995 3805 1030 3861 os
1044 3805 1098 3862 this
1113 3805 1179 3863 MS.
1195 3825 1250 3862 was

241 3881 310 3939 here
321 3883 443 3959 copying
454 3883 526 3941 from
538 3905 573 3941 an
584 3885 700 3960 original
714 3883 876 3956 document,
889 3886 966 3962 quite
982 3906 1010 3942 aa
1024 3885 1080 3954 old,
1092 3887 1121 3943 in
1131 3886 1210 3963 point
1219 3884 1254 3944 os
1263 3888 1264 3892 ’

240 3961 315 4030 date,
331 3983 359 4019 as
380 3965 428 4022 the
444 3966 532 4022 adiuel
548 3965 615 4023 fadis
629 3966 723 4024 which
738 3965 760 4024 it
774 3965 904 4044 proposes
919 3981 948 4024 to
963 3982 1082 4025 narrate.

280 4044 292 4080 ⁴
313 4043 422 4115 H.M.;
443 4045 560 4116 damnis,
576 4046 616 4105 G.
1150 4041 1156 4049 ’
1180 4043 1190 4057 ’
