3000 5152
393 299 483 381 Vita
512 297 679 381 Haroldi
702 300 831 410 Regis.
1061 324 1108 406 51

106 511 306 614 usurpando
341 510 503 612 infregit:
538 510 652 585 virore
686 510 844 609 deposito
877 509 1114 586 defluentibus

106 624 200 701 soliis
216 624 381 700 corticem
391 625 490 725 quod
500 623 595 699 dictu
614 623 746 697 mirum
759 623 807 697 est
822 639 965 722 repente
983 621 1112 697 exuisse

106 737 317 838 perhibetur.
370 739 441 812 Res
474 736 582 838 digna
617 734 808 835 spestaculo
841 736 941 836 quod
974 735 1113 837 lignum

106 850 226 927 multis
242 848 487 951 condensisque
505 848 692 924 frondibus
709 850 816 949 paulo
825 865 905 924 ante
923 847 1111 949 speciosum

106 990 178 1038 non
213 962 350 1067 segnius
383 988 490 1065 quam
524 961 674 1065 hedeni.1
711 960 815 1036 ione²
843 1019 852 1035 .
883 987 991 1063 quam
1018 962 1111 1036 oliva

105 1076 246 1152 alterius
280 1078 451 1176 prophete
485 1074 652 1151 radicitus
685 1074 821 1150 exaruit
854 1074 995 1175 albique
1030 1072 1110 1149 faeti

106 1189 186 1265 sunt
217 1190 304 1264 rami
331 1191 417 1291 ejus.
469 1193 592 1289 Auget
622 1187 830 1263 miraculum
860 1186 988 1263 subditi
1018 1213 1111 1263 mar·

106 1303 215 1379 coris:
240 1303 454 1404 perpetuitas
478 1302 598 1377 invicti
626 1301 761 1376 roboris
787 1301 919 1377 arboris
948 1301 1110 1377 exsiccate

105 1419 204 1519 quod
220 1415 423 1517 frequenter
439 1442 520 1490 cum
539 1414 699 1515 plurimis
711 1432 747 1490 et
764 1415 827 1515 ipsi
845 1413 962 1489 mirati
980 1412 1108 1489 sumus.

106 1530 198 1629 Quis
236 1530 330 1605 enim
375 1556 448 1604 non
482 1526 694 1628 obstupescat
728 1528 818 1603 vaste
856 1527 1111 1628 magnitudinis

105 1644 238 1719 robor.
258 1641 460 1718 ramusculis
481 1643 586 1717 etiam
610 1641 757 1716 minutis
784 1668 856 1715 non
879 1640 1110 1715 imminutum

106 1757 163 1834 sed
180 1757 338 1857 undique
365 1755 619 1830 inconfradum
636 1755 680 1829 ab
705 1755 785 1829 imis
809 1755 984 1830 radicibus
1000 1753 1109 1856 usque

106 1871 150 1945 ad
176 1869 411 1944 summitatem
437 1868 618 1943 frondium
644 1868 741 1942 omni
759 1868 957 1942 velamento
972 1867 1110 1942 corticis

106 1983 317 2083 spoliatum.
346 1999 401 2057 tot
424 1982 499 2083 jain
524 1979 644 2056 seculis
671 2008 733 2056 nec
759 1998 850 2056 etate
876 1982 998 2057 cessisse
1018 2038 1026 2054 .
1046 2008 1109 2056 nec

105 2097 193 2171 carie
218 2095 362 2171 tabuisse
388 2154 395 2169 .
421 2122 485 2170 nec
509 2112 696 2171 ventorum
723 2095 862 2170 turbine
887 2095 1107 2194 impastum.

106 2236 168 2285 nec
193 2209 361 2285 imbrium
386 2209 619 2285 inundacione
637 2207 792 2283 infusum
811 2266 819 2283 .
839 2208 1007 2308 putruisse
1025 2267 1034 2283 .
1052 2210 1108 2282 vel

105 2323 222 2399 saltem
249 2323 401 2398 nutasse?
454 2325 540 2427 Quo
567 2323 664 2423 signo
695 2322 731 2396 in
759 2321 841 2395 anni
867 2321 1004 2395 circiter
1029 2348 1111 2396 cen-

102 2438 212 2513 tesimi
226 2437 477 2538 quadragesimi
493 2434 670 2535 spacium⁸
687 2462 768 2511 cum
782 2435 942 2510 arborem
956 2435 1111 2509 vidimus

98 2551 174 2652 jani
209 2556 367 2650 porresto
395 2606 403 2622 .
432 2547 567 2625 infandi
602 2548 710 2623 scelus
740 2546 884 2649 perjurii
912 2547 1109 2622 vicinorum

102 2666 181 2737 loco
221 2664 466 2763 Rothomagus
501 2661 679 2762 jastuabat
723 2719 730 2734 .
773 2661 895 2734 celitus
938 2660 1107 2736 infamari.

106 2776 255 2852 Modico
273 2801 425 2875 namque
442 2775 626 2849 intervallo
639 2773 682 2847 ab
697 2773 782 2848 urbe
800 2772 871 2873 ipsa
887 2773 989 2850 distat
1006 2775 1110 2848 arbor

104 2888 247 2963 infausta
281 2912 407 2962 ameno
441 2887 630 2962 imminens
670 2885 769 2961 saltui
804 2886 866 2987 qui
902 2887 1001 2962 strate
1035 2912 1107 2961 non

104 3004 257 3077 multum
273 3000 407 3102 abjacet
432 3026 453 3073 a
479 3018 589 3099 ponte
611 3001 769 3099 Sequano
796 3001 841 3075 ad
871 3000 1108 3076 Grandimon-

102 3115 235 3191 tenses⁴
260 3113 443 3189 eremitas⁶
469 3111 535 3188 sese
570 3113 809 3212 protendenti.
874 3113 1005 3190 Omine
1034 3131 1108 3189 tam

281 3272 288 3285 ⁶
629 3266 643 3307 2
764 3293 772 3307 .

142 3269 450 3413 ilinlinwii'tlisi
464 3287 509 3409 2⁰0·
526 3348 626 3428 signin
648 3267 780 3409 til'tMti'e
794 3269 1031 3413 IiiibGieners
1055 3353 1106 3413 tie

100 3434 239 3494 withered
254 3449 313 3492 trec
328 3434 401 3492 aster
421 3452 437 3490 a
457 3430 532 3510 lapse
553 3432 588 3490 of
608 3448 664 3508 140
677 3451 756 3509 years
774 3431 848 3490 from
862 3433 912 3492 the
927 3453 1106 3505 occurrence,

99 3536 142 3574 we
157 3516 245 3574 arrive
260 3529 287 3573 at
302 3535 317 3573 a
332 3514 396 3573 date
410 3514 546 3591 certainly
557 3513 632 3590 prior
645 3526 676 3571 to
686 3532 742 3571 no.
756 3510 841 3584 1206,
855 3514 904 3573 the
919 3513 1105 3575 seienthaud

99 3598 198 3673 eighth
212 3597 308 3672 regnes
321 3615 387 3673 year
401 3594 436 3652 os
445 3594 523 3671 King
535 3594 623 3672 John.

139 3677 153 3716 ⁴
173 3678 284 3736 “Anno
303 3674 377 3753 1156
397 3675 540 3735 Henricus
554 3675 595 3734 ΙΙ.
617 3676 771 3754 prioratum
792 3675 896 3735 ordinis
912 3675 1106 3736 Gmndimon-

99 3758 182 3818 tensis
196 3757 364 3817 fundavitin
381 3757 455 3816 Silva
471 3756 616 3827 Roboreti,
628 3776 713 3835 quem
735 3757 819 3834 paulo
877 3759 899 3816 st
919 3757 949 3815 iii
969 3757 1105 3817 vivarium

98 3840 178 3899 suurn
190 3859 278 3917 prope
290 3838 480 3913 Rotomagurn
492 3837 627 3896 uanstulit
638 3836 674 3895 ad
687 3835 820 3897 sinistrum
852 3838 953 3896 uminii
967 3838 1105 3917 Sequana

96 3923 210 3999 ripam;
231 3919 306 3978 unde
321 3920 398 3978 locui
408 3919 456 3977 illc
470 3938 574 3977 nomen
590 3916 684 3977 sumsit
698 3918 788 3977 beiitae
800 3918 902 3977 Mariae
913 3918 950 3979 de
960 3920 1103 3980 Vivario.”

98 4001 189 4062 Gallia
204 4000 367 4076 Christiana,
382 4000 420 4058 xi.
434 4015 483 4075 47.
498 4020 523 4058 c.

134 4083 147 4122 ⁶
168 4083 238 4141 “La
258 4081 397 4161 premitrc
418 4081 463 4141 vie
484 4079 534 4139 des
554 4079 690 4156 religieux
710 4079 747 4139 de
765 4078 956 4155 Grandmont,
971 4082 1016 4141 fut
1030 4083 1103 4143 celle
