3000 5152
101 301 103 304 ’
229 322 280 405 30
510 292 599 374 Vita
629 288 794 390 Haroldi
818 289 945 399 Regis.

224 502 421 578 scribernus.
483 504 650 601 Quorum
683 502 749 577 alia
782 529 801 576 a
835 502 989 602 quodam
1023 496 1259 585 venerabilis

194 635 197 639 ’
224 618 418 693 admodum
439 615 512 690 vite
542 616 741 690 anachorita
771 615 912 690 nomine
938 613 1118 689 Sebrichto
1137 668 1145 685 .
1163 610 1226 712 qui

219 731 302 820 viro
335 730 438 804 beato
473 730 632 829 pluribus
673 730 760 805 dum
802 729 980 804 adviveret
1021 723 1227 801 ministravit

108 872 109 876 ¹
186 846 190 852 ’
222 840 322 918 annis
340 900 348 918 .
368 843 435 918 alia
451 843 496 917 ab
513 842 589 918 aliis
615 869 705 944 eque
725 843 794 918 fide
810 839 1015 944 dignislimis
1031 838 1227 939 accepimus

135 1025 142 1034 .
217 956 307 1032 viris
325 1015 333 1031 .
351 958 415 1059 qui
433 957 534 1032 nobis
555 984 595 1032 ea
615 958 679 1032 hec
704 955 912 1032 certitudine
937 953 1113 1030 scribenda
1129 968 1228 1028 retu·
1322 988 1325 992 ·

220 1068 356 1146 lerunt:
383 1097 454 1172 qua
464 1071 529 1146 elie
539 1071 709 1146 veriffima
725 1069 964 1146 indubitanter
976 1067 1224 1168 probaverunt.

221 1185 334 1260 Porro
352 1210 424 1286 que
449 1185 525 1286 post
549 1183 683 1259 salicem
711 1183 814 1283 ipsius
838 1181 1009 1283 excelsum
1035 1208 1056 1255 a
1080 1184 1226 1281 corpore

221 1299 331 1375 celesti
350 1324 413 1399 per
429 1324 512 1373 eum
528 1296 661 1373 virtute
678 1313 832 1397 patrata:
858 1295 985 1398 pagine
1001 1294 1226 1370 all'cribentur

219 1411 263 1488 ab
281 1411 420 1515 illisqui
439 1409 612 1512 presentes
625 1436 706 1485 cum
722 1407 1087 1486 fierentinterfirerunt
1100 1407 1225 1509 scripta

219 1524 389 1627 nobisque
400 1523 590 1600 transmissa
607 1523 697 1598 sunt.
750 1524 932 1600 Predidius
948 1540 1066 1598 autem
1082 1521 1138 1597 vir
1153 1520 1224 1596 Dei

213 1640 306 1715 olim
333 1638 485 1714 minister
510 1637 586 1739 ejus
610 1653 646 1713 et
672 1635 859 1739 sequipeda
883 1637 1156 1714 devotissimus.
1183 1650 1225 1709 ut

218 1752 276 1829 ille
303 1755 348 1829 de
381 1755 517 1829 mundo
546 1752 676 1826 reoeffit
707 1810 716 1826 .
744 1768 779 1826 et
806 1751 889 1851 quia
915 1751 960 1827 ad
987 1753 1108 1825 Deum
1137 1748 1224 1825 abiit

218 1866 480 1940 miraculorum·
517 1863 654 1940 indiciis
704 1857 862 1965 patenter
903 1863 1112 1940 declaravit:
1146 1861 1224 1965 ejus

158 2066 160 2071 ,
217 1976 391 2055 ferventer
407 1978 445 2052 in
458 1978 553 2054 bono
570 1978 788 2054 emulabatur
799 1978 1013 2077 exemplum.
1065 1975 1224 2076 Cupiens

217 2092 432 2195 quippequo
443 2091 501 2167 ille
511 2109 760 2192 perveneratet
771 2090 841 2192 ipse
854 2091 1047 2191 perveniret
1066 2090 1223 2166 studebat

162 2236 165 2241 ’
217 2232 324 2309 quam
342 2206 483 2280 fimssius
508 2206 626 2308 potuit
643 2206 727 2279 slcut
743 2206 801 2279 ille
817 2204 1073 2280 ambulaverat:
1098 2202 1222 2304 etipse

215 2318 404 2394 a'mbulare.
458 2319 572 2421 Igitur
584 2319 683 2419 quod
700 2336 735 2394 et
745 2318 951 2394 Haroldum
968 2317 1066 2393 fitille
1078 2333 1223 2391 noverat

214 2432 506 2535 peregrinacionis
522 2431 678 2508 laborem
695 2433 875 2532 amplexus
892 2431 1016 2506 natalis
1038 2429 1099 2505 soli
1117 2429 1223 2530 spon·

213 2563 338 2622 taneus
353 2549 435 2621 exul
454 2603 462 2620 .
481 2563 522 2621 ut
539 2545 640 2647 cujus
665 2544 860 2620 sandtorum
877 2562 912 2620 et
929 2543 1136 2620 domesticus
1151 2544 1220 2619 Dei

214 2661 280 2736 esse
296 2677 507 2737 mereretur:
534 2659 693 2734 efficitur.
746 2660 877 2735 Nudus
901 2658 1053 2759 denique
1079 2659 1221 2757 pedesa

213 2773 367 2850 confinio
401 2772 531 2849 recedit
573 2772 671 2846 urbis
709 2772 891 2848 Cestrensrs
923 2771 985 2847 ubi
1019 2769 1220 2846 thesaurum

214 2914 322 2991 quem
334 2889 484 2963 devotus
494 2887 629 2988 aliquot
642 2886 742 2960 annis
759 2885 890 2962 ibidem
907 2884 1103 2960 observant¹
1123 2901 1220 2985 parte

213 3000 250 3075 in
276 2999 412 3101 superni
435 3000 527 3100 regis
549 3024 713 3074 coronam
736 2997 894 3074 sublata.
913 2999 1020 3100 partis
1044 2999 1218 3099 reliquum

211 3114 311 3188 humi
328 3112 497 3190 defossum
514 3112 734 3189 dimittebat:
762 3115 878 3189 nudus
893 3113 1002 3187 eciam
1019 3111 1220 3212 cupiditatis

94 3269 101 3283 ·
212 3229 388 3303 mundane
429 3226 662 3327 progreditur.
727 3226 782 3301 Sic
816 3227 932 3301 nudus
964 3242 1000 3300 et
1036 3225 1219 3327 expeditus

212 3364 350 3413 crucem
366 3339 591 3414 Dominicam
616 3339 653 3413 in
678 3340 757 3414 loco
782 3365 855 3440 quo
879 3339 1077 3414 Dominicis
1101 3355 1218 3439 aptata

210 3449 278 3527 suit
312 3452 478 3528 membris
502 3453 681 3528 aditurus:
708 3450 902 3553 sepulcrum
926 3453 1004 3555 ejus
1027 3450 1218 3555 gloriosum

212 3565 434 3641 visitaturus.
453 3566 490 3640 in
512 3567 592 3640 loco
609 3564 668 3641 ubi
690 3566 855 3642 steterunt
877 3568 982 3666 pedes
1004 3565 1079 3668 ejus
1095 3568 1218 3644 adora-

210 3693 341 3754 turus.
363 3679 533 3783 Angliam
558 3681 702 3756 demum
728 3679 905 3781 egreditur
931 3680 1081 3780 plurima
1106 3679 1219 3755 nichi-

209 3792 363 3870 lominus
386 3810 422 3868 et
447 3794 514 3868 alia
533 3791 646 3868 santia
671 3792 864 3868 sanaomm
888 3794 1010 3869 limina
1035 3810 1076 3869 ut
1092 3791 1216 3869 ficerat

212 3907 397 3984 Haroldus
413 3907 563 3982 lacrimis
587 3908 788 4008 rigaturus.
807 3907 943 4009 linguas
968 3906 1106 4008 insuper
1129 3933 1217 4008 quas

468 4033 480 4075 ¹
501 4034 611 4106 Η.Μ.;
631 4034 797 4107 observarat,
813 4034 851 4096 G.
