3000 5152
421 294 511 376 Vita
540 291 706 374 Haroldi
729 294 857 403 Regis.
1088 292 1139 403 63

135 523 293 607 peterent
327 524 389 579 aut
424 506 658 606 intelligerent
677 562 686 579 .
705 522 812 604 caput
842 505 1044 581 inclinando
1078 531 1140 579 rex

135 620 210 720 regi
236 618 268 694 se
294 618 480 692 ostenderit
506 619 706 693 conceffisse.
759 619 817 693 Ne
834 619 929 693 enim
948 621 1141 718 prevaleret

136 758 280 808 erronea
297 732 470 805 vistorum
494 749 617 806 contra
643 730 693 805 sui
716 732 887 807 vidtorem
912 733 1142 808 existimacio:

137 863 173 921 et
200 846 400 920 crederetur
429 870 579 947 regnum
605 845 746 920 amisisse
774 845 837 946 qui
863 847 1059 941 Judeorum
1082 872 1143 922 rex

136 958 319 1036 dicebatur
347 957 413 1033 else
440 959 573 1033 accessa
602 958 744 1059 presidis
770 959 899 1033 litteris
925 958 1037 1035 indita
1063 959 1144 1058 opi-

137 1071 254 1147 aionis
268 1070 452 1147 temerarie
468 1071 687 1171 improbatio
706 1130 714 1146 .
734 1072 840 1172 capiti
858 1073 935 1174 jam
952 1072 1141 1149 inclinato:

136 1184 246 1260 titulo
288 1182 473 1284 suppofito.
539 1186 627 1260 Erat
661 1183 756 1259 enim
798 1184 965 1285 scripturn
1007 1184 1045 1259 in
1078 1211 1141 1261 eo:

138 1297 254 1395 Jesus1
275 1298 488 1372 Nazarenus
507 1323 567 1372 rex
586 1298 788 1393 Judeorum.
841 1298 1032 1372 Permansrt
1045 1297 1141 1375 enim

138 1438 220 1487 vere
232 1437 321 1486 rex.
340 1412 396 1486 cui
423 1411 521 1512 plebs
543 1412 652 1512 impia
677 1411 762 1511 quia
777 1437 928 1514 regnum
945 1411 1074 1487 invidit
1099 1429 1141 1487 ut

137 1526 216 1628 ejus
241 1543 347 1625 caput
374 1525 579 1600 inclinaret:
606 1541 642 1600 et
667 1523 782 1625 ipsum
809 1524 950 1599 occidit.
1001 1528 1055 1599 At
1081 1526 1141 1602 ille

138 1639 268 1739 pariter
293 1655 329 1713 et
354 1656 459 1739 caput
482 1638 666 1713 inclinavit
691 1655 727 1713 et
746 1637 806 1711 fibi
824 1637 923 1740 regni
941 1640 1140 1738 potenciam

138 1752 338 1827 vendicavit
367 1778 474 1853 quarn
501 1751 534 1827 se
565 1751 703 1851 plenius
736 1752 898 1851 accepisse
924 1752 1140 1844 convescens,

138 1884 243 1966 caput
273 1867 309 1939 in
342 1882 484 1939 tanturn
518 1865 724 1939 inclinatum
757 1863 859 1964 super
893 1891 1015 1940 omnes
1048 1868 1142 1942 celos

137 1977 313 2053 eroltavit.
366 1980 486 2053 Nemo
513 1978 623 2079 igitur
649 1978 819 2052 existimet
847 2004 975 2054 nomen
1003 1979 1139 2079 regium

137 2089 194 2165 seu
224 2091 357 2191 regiam
383 2090 459 2191 regi
486 2090 559 2166 cui²
582 2092 652 2165 tale
679 2092 815 2191 signum
839 2091 1021 2190 prestitum
1048 2092 1140 2167 esta

137 2230 219 2306 rege
246 2230 371 2307 regum
406 2204 566 2279 omnium
594 2263 602 2278 .
629 2204 839 2305 dignitatem
869 2205 1056 2304 deperisse:
1083 2207 1139 2280 vel

137 2318 220 2418 quia
237 2317 296 2391 srbi
315 2317 351 2390 in
369 2316 428 2391 sua
446 2318 610 2419 ymagine
636 2317 794 2391 inclinari
821 2317 987 2416 dignatus
1007 2319 1065 2408 est,
1082 2321 1139 2393 vel

137 2431 220 2531 quia
236 2429 415 2504 visibiliter
437 2431 653 2529 triumphare
679 2432 723 2504 de
749 2429 902 2504 hostibus
924 2431 1141 2507 imminenti-

137 2546 203 2621 bus
219 2546 263 2621 ab
285 2547 410 2622 eodem
436 2547 550 2621 eidem
574 2546 774 2646 permissum
798 2573 869 2621 non
895 2548 951 2623 est
1004 2548 1039 2622 Si
1056 2575 1141 2624 vero

137 2676 172 2734 et
202 2661 247 2734 ad
277 2685 426 2760 regnum
453 2660 553 2761 cujus
578 2659 637 2733 fibi
658 2660 862 2759 temporalis
887 2661 1141 2736 administracio

137 2773 309 2848 divinitus
325 2774 452 2847 collata
471 2772 569 2872 prius
594 2773 641 2847 est
660 2791 696 2846 et
716 2773 885 2873 posterius
901 2773 1016 2848 ablata
1034 2833 1042 2849 .
1062 2801 1142 2875 pre-

136 2884 271 2986 sagium
301 2904 375 2959 tam
405 2883 543 2959 insolite
570 2885 714 2959 virtutis
743 2886 884 2959 duxerit
909 2887 989 2986 quis
1019 2904 1142 2962 exten-

137 3001 295 3074 dendum
327 2998 479 3099 Anglice
509 2997 687 3072 felicitatis
720 3000 970 3097 depreffionem
1005 3027 1140 3076 necnon

136 3130 173 3187 et
190 3111 361 3186 libertatis
376 3129 451 3185 tam
471 3112 556 3186 laice
573 3137 681 3211 quam
698 3112 909 3186 ecclesustice
927 3139 999 3188 non
1016 3113 1142 3189 abnui·

137 3251 217 3300 mus
242 3226 487 3327 consignificari
514 3223 678 3299 insulanis
703 3226 848 3300 extunc8
866 3225 946 3301 satis
961 3246 1140 3327 expertam

137 3339 375 3439 dejectionem.
428 3340 706 3437 Verumptamen
732 3364 775 3411 ex
797 3339 864 3412 hoc
881 3337 968 3414 servi
986 3338 1036 3414 sui
1062 3366 1143 3440 pre-

138 3452 297 3552 rogative
313 3477 399 3525 crux
417 3449 527 3525 finem
553 3451 760 3552 prejudicari
787 3477 859 3526 non
878 3453 1039 3551 patitur.
1058 3455 1141 3553 quia

137 3580 172 3637 et
189 3563 360 3662 quiddam
378 3563 474 3637 aliud
501 3565 538 3637 id
563 3564 663 3664 quod
689 3587 755 3662 pro
772 3587 815 3637 eo
833 3561 1022 3663 specialiter
1039 3566 1111 3665 egit
1130 3623 1139 3640 .

137 3674 376 3750 universaliter
392 3677 524 3777 signare
544 3677 715 3750 concedit.
762 3677 870 3775 Ipfius
887 3703 1011 3777 nempe
1029 3679 1143 3778 gemi-

137 3787 232 3863 tibus
249 3787 382 3887 pulsata
399 3806 434 3863 et
460 3789 611 3862 lacrimis
630 3847 638 3862 .
658 3787 831 3889 obsequiis
848 3788 987 3889 insuper
1003 3791 1142 3891 magni-

137 3902 200 3976 fice
229 3903 419 3976 honorata:
460 3927 525 4000 pro
554 3903 664 4002 gratis
694 3903 815 3977 officiis
848 3904 968 3977 votiva
1002 3903 1033 3978 ei
1069 3930 1141 3978 non

137 4041 376 4123 ¹Jol1nxix.19.
406 4039 431 4127 ι’
449 4042 516 4114 Cui,
531 4042 593 4114 H.;
613 4041 743 4115 omitted,
759 4041 800 4102 G.
841 4041 937 4113 ⁸fl.;
957 4062 994 4102 ex
1008 4057 1085 4115 tuuc,
1100 4043 1140 4107 G.
