3000 5152
554 284 644 380 Vita
673 285 839 369 Haroldi
862 288 990 398 Regis.
1252 312 1275 396 5

268 488 409 565 indiciis
427 490 577 567 fideliter
602 493 777 593 affignare.
831 496 886 570 Eo
904 494 1036 596 quippe
1047 495 1140 597 juris
1156 513 1279 570 tenore

269 604 483 704 peculiarem
518 622 709 704 patronum
747 623 783 682 ct
819 626 1031 708 perpetuum
1067 608 1279 685 nutritorem

213 729 225 738 ”
268 717 422 801 vestrum
456 718 584 794 debitis
625 719 794 794 tenemini
829 721 1006 797 virtutum
1033 722 1172 798 suarum
1199 749 1280 822 pre-

269 829 383 921 coniis
399 831 567 907 illustrare
585 889 594 907 .
614 858 689 935 quo
706 832 845 909 crimini
862 852 1001 935 poterat
1015 835 1280 937 ingratitudinis

272 970 348 1020 non
364 943 509 1048 oblique
532 944 688 1022 asscribi:
713 947 738 1020 fi
759 947 986 1048 promeritos¹
1005 950 1152 1025 laudum
1176 948 1279 1049 ipsius

270 1055 435 1164 titulos.
467 1057 580 1135 editui
607 1057 659 1134 sui
686 1075 723 1134 et
752 1060 912 1162 alumpni
942 1061 1110 1138 defidioso
1141 1061 1279 1139 lilencio

244 1222 251 1255 ,·
270 1168 415 1272 posteris
426 1170 639 1250 furarentur.
670 1174 908 1277 UProvidencie
919 1174 1169 1251 nichilominus
1182 1201 1279 1251 com-

247 1284 424 1385 petentis
466 1287 515 1362 est
557 1287 657 1389 quod
685 1287 850 1363 laudibus
873 1287 996 1365 'sancte
1031 1289 1143 1364 crucis
1176 1289 1280 1388 ipfius

270 1399 419 1475 cultoris
435 1399 647 1476 devotiffimi
674 1394 1006 1477 laude‘ssdecernitis
1031 1401 1276 1503 subrogandae.

270 1512 397 1588 Crucis
413 1511 525 1589 sande
543 1539 587 1589 ex
606 1529 688 1591 toto
708 1514 877 1592 nimirum
899 1515 1032 1592 accedit
1049 1516 1163 1616 glorie
1180 1515 1279 1617 quic·

270 1624 359 1726 quid
393 1626 553 1722 inservi
588 1626 639 1704 sui
673 1628 808 1704 meritis
840 1646 877 1705 et
912 1628 1124 1706 virtutibus:
1150 1628 1278 1705 enituit

235 1755 239 1762 '
270 1739 560 1817 commendabile.

322 1854 420 1929 Inter
436 1854 499 1929 hec
517 1880 623 1958 quam
642 1880 718 1931 mee
736 1855 866 1956 puriter
882 1856 1064 1931 incumbat
1081 1855 1279 1933 modicitati

269 1967 390 2047 animo
402 1993 533 2070 magno
549 1985 586 2044 et
605 1968 739 2044 volenti
756 1963 928 2071 quicquid
946 1969 1037 2044 vires
1054 1969 1278 2072 suggesserint

222 2103 226 2111 ’
270 2080 382 2158 immo
423 2080 595 2185 quicquid
621 2081 745 2188 gratia·
764 2081 893 2156 celestis
921 2081 1105 2158 indulserit
1139 2083 1184 2159 ud
1211 2082 1279 2157 im·
1324 2144 1327 2148 .

272 2194 401 2295 pendia
432 2211 508 2271 tam
533 2194 619 2272 boni
641 2193 761 2295 'operis
789 2195 893 2271 haut²
919 2193 1069 2297 segniter
1094 2222 1278 2298 corrogare

208 2368 218 2377 .
271 2309 353 2410 quis
376 2307 527 2384 nesciat?
591 2308 754 2401 Vestrum
779 2307 949 2410 siquidem
984 2310 1095 2386 immo
1120 2310 1289 2403 Haroldi„

272 2419 373 2510 vestri
398 2419 600 2524 quinimmo
625 2419 737 2508 sancte
756 2438 991 2523 utrorumque
1016 2422 1128 2497 crucis
1137 2421 1278 2524 jamdiu

272 2559 399 2639 panem
419 2534 621 2615 ·'comedens
654 2532 815 2610 ociosus.
834 2560 910 2636 quo
944 2536 1073 2611 vestros
1106 2562 1188 2638 erga
1222 2562 1279 2612 me

269 2644 459 2727 ‚sereniores
490 2648 617 2724 >vultus
649 2646 797 2748 aspicio:
840 2674 884 2723 eo
918 2648 955 2722 in
989 2674 1046 2723 me
1072 2647 1278 2725 severiorem

271 2757 417 2838 illorum
435 2759 624 2837 sensuram⁸
635 2759 874 2861 pertimescere
886 2761 967 2863 jure
981 2761 1092 2837 debeo
1107 2821 1114 2837 .
1130 2763 1153 2837 fi
1170 2763 1278 2838 tantis

272 2876 382 2978 quod*
402 2874 495 2981 absit
520 2874 695 2949 beneficiis
718 2900 792 2949 non
821 2875 971 2950 dixerim
1008 2876 1187 2977 ingratum
1213 2874 1278 2951 set4

241 3034 246 3041 ·
270 2987 501 3071 inofficiosum
521 3046 529 3062 .
549 3005 623 3062 tam
640 2988 749 3089 gratis
766 3009 874 3089 quam
891 2988 1042 3089 graciose
1059 2989 1276 3066 exhibitum:

269 3102 453 3203 contingat
480 3101 642 3176 inveniri.
695 3102 824 3176 Geram
857 3102 968 3204 igitur
996 3129 1132 3178 morem
1160 3104 1278 3179 vestris

271 3240 337 3314 pro
375 3214 469 3315 posse
507 3211 680 3290 defideriis
712 3239 832 3315 geram
862 3241 969 3316 quam
1003 3234 1129 3317 potero
1165 3216 1277 3293 vicem

271 3327 465 3404 beneficiis:
491 3355 531 3404 ea
549 3346 667 3404 tamen
693 3329 833 3404 racione
848 3329 1016 3433 quatinus
1032 3347 1070 3406 et
1087 3357 1152 3406 vos
1169 3331 1278 3406 vestra

271 3442 377 3517 michi
391 3447 490 3542 peste
503 3440 654 3517 servetis.
682 3443 862 3517 Tenorem
876 3441 1002 3519 scilicet
1016 3442 1277 3520 scribendorum

247 3556 478 3663 ¹diligentius
510 3555 716 3632 examinetis
751 3613 759 3631 .
795 3548 992 3632 examinata
1025 3559 1278 3633 tantummodo

269 3668 511 3772 approbetise
545 3686 606 3745 aut
649 3668 876 3767 emendetis.¹
914 3668 1093 3747 Sermonis
1134 3696 1279 3774 quoque

309 3858 400 3921 ιΡτο
418 3860 542 3935 meritos,
555 3861 640 3934 MS„
654 3860 724 3920 with
745 3853 910 3938 merbbys
928 3859 985 3920 lete
1007 3860 1084 3920 hund
1103 3875 1134 3920 to
1145 3862 1207 3940 join
1229 3861 1277 3922 the

251 3976 254 3981 -
269 3941 370 4002 words
816 3938 829 3980 ²
849 3939 958 4011 H.M.;
979 3941 1064 4015 hurd,
1079 3940 1119 4003 G.

308 4019 322 4064 ⁸
343 4023 390 4113 Sic
406 4022 496 4095 M8.;
517 4022 671 4096 censuram,
687 4022 727 4085 G.
818 4022 831 4061 ⁴
853 4022 918 4094 Sed,
934 4022 973 4083 G.
