3000 5152
526 271 616 352 Vita
644 269 810 353 Horoldi
833 273 960 382 Regis.
1193 300 1246 383 59

240 495 383 577 repente
401 505 463 553 nec
482 478 656 581 frangitur
674 538 682 553 .
702 480 891 555 inclinatur
909 479 966 557 sed
982 509 1003 556 a
1020 482 1133 558 tocius
1156 483 1247 559 inte-

241 590 369 691 gritate
403 590 544 693 subjecti
579 592 737 693 corporis
770 595 825 668 vel
860 594 985 668 annexi
1020 597 1144 696 capitis
1185 623 1248 672 nec

242 703 436 778 tenuissima
479 704 566 780 rima
608 705 784 781 mediante
825 706 1017 806 dissipatur.
1090 709 1167 783 Nec
1209 710 1247 784 in
1329 802 1334 813 ι

240 815 386 914 snnplici
413 834 554 893 tantum
583 818 728 892 materia
756 819 827 893 tale
856 877 864 893 .
892 836 929 894 et
957 837 1095 896 tantum
1121 822 1247 897 effulsit

243 929 462 1005 miraculum.
515 932 612 1005 Nam
637 932 736 1031 quod
759 931 847 1032 lapis
873 932 1019 1009 interius
1048 936 1159 1009 latens
1183 936 1247 1010 hec

242 1060 278 1115 et
304 1059 489 1144 argentum
518 1043 671 1119 exterius
696 1044 852 1120 ambiens
876 1046 1058 1147 duplicato
1084 1047 1248 1130 videlicet

242 1156 406 1258 prodigio
430 1157 578 1258 pertulit
600 1157 730 1257 pariter
752 1175 788 1232 et
810 1158 972 1234 ostendit.
1026 1158 1103 1260 Ipsa
1120 1187 1246 1262 nempe

242 1269 341 1344 illius
355 1295 484 1373 ymago
502 1271 630 1371 dequo
644 1269 812 1371 scriptum
828 1271 876 1346 est
893 1329 902 1347 .
922 1272 1109 1348 Suxerunt¹
1128 1277 1192 1348 mel
1208 1275 1247 1349 de

236 1400 342 1483 petra
360 1387 526 1484 oleumque
542 1386 581 1458 dc
597 1389 688 1481 saxo
715 1386 882 1479 duriffimo
903 1444 911 1460 .
932 1387 1076 1462 materia
1101 1389 1247 1489 quidem

243 1499 406 1599 petrina.
426 1498 589 1573 immoet
616 1496 712 1574 saxea
737 1498 785 1573 est
811 1556 819 1572 .
847 1499 1016 1600 qualitate
1041 1501 1245 1578 durissima:

243 1613 333 1689 circa
349 1613 515 1688 humeros
540 1613 673 1687 collum
698 1630 734 1687 et
754 1614 902 1688 lacertos
924 1611 1021 1714 spilla
1040 1671 1048 1688 .
1067 1631 1104 1689 et
1129 1632 1171 1690 ut
1196 1617 1322 1693 itata

243 1726 381 1802 dicatur
397 1727 612 1826 corpulenta.

294 1842 376 1915 Hec
410 1839 625 1914 revelacione
667 1839 787 1915 divina
820 1840 857 1914 in
898 1842 1028 1918 montis
1067 1843 1246 1945 cujusdam

243 1953 374 2029 vertice
402 1952 464 2028 sub
490 1970 582 2027 terra
611 1951 680 2027 fuit
705 1970 868 2053 reperta.
894 1981 957 2030 nec
979 1954 1054 2030 sciri
1081 1957 1247 2033 hactenus

244 2067 362 2168 potuit
387 2067 570 2167 quomodo
594 2067 649 2139 vel
667 2093 688 2140 a
704 2092 778 2167 quo
807 2065 941 2168 sculpta
963 2070 1003 2143 srt
1028 2071 1084 2144 vel
1115 2066 1250 2147 ibidem

242 2181 390 2281 reposita
406 2196 441 2254 et
459 2180 643 2254 occultata.
697 2180 867 2256 Perdueta
892 2208 1036 2283 quoque
1061 2183 1108 2258 eli
1133 2185 1244 2260 celesti

243 2293 412 2394 regimine
439 2293 484 2368 ad
510 2293 631 2367 locum
658 2290 771 2392 sepius
799 2295 1021 2370 nominatum
1047 2352 1054 2370 .
1080 2323 1153 2397 quo
1183 2298 1247 2373 hec

243 2405 422 2506 contigisse
444 2404 672 2504 perhibentur
694 2405 807 2480 bobus
835 2406 1003 2481 nimirum
1027 2433 1165 2483 carrum
1190 2411 1247 2485 cui

244 2519 403 2619 imposita
433 2517 503 2592 fuit
533 2518 578 2593 ad
607 2517 889 2594 transferendum
918 2546 996 2595 eam
1018 2547 1079 2621 per
1105 2540 1247 2597 centum

244 2632 371 2733 viginti
398 2631 535 2706 circiter
564 2630 729 2705 miliaria²
749 2631 833 2707 illuc
864 2632 990 2708 directe
1021 2635 1248 2736 pergentibus

243 2772 306 2820 nec
333 2745 500 2819 aliorsum
529 2771 549 2818 a
578 2763 682 2844 cepto
705 2745 830 2820 itinere
855 2742 1021 2820 declinari
1047 2748 1245 2824 sinentibus.

246 2859 299 2934 Ibi
317 2858 456 2933 laminis
478 2858 651 2958 argenteis
669 2858 788 2932 vestita
807 2916 815 2932 .
834 2876 870 2933 et
894 2859 1054 2959 patibulo
1079 2862 1247 2937 eminenti

244 2998 377 3046 annexa
406 2997 469 3046 nec
498 2972 598 3044 affixa
627 2970 705 3045 fuit.
759 2972 837 3045 Nec
865 2972 961 3046 enim
990 2973 1045 3047 vel
1068 2975 1247 3050 tantillum

244 3085 381 3161 artificii
399 3085 435 3159 in
454 3082 519 3159 sese
536 3084 671 3160 admisit
688 3084 833 3159 humani
852 3141 861 3158 .
879 3104 921 3159 ut
934 3084 1107 3162 foramina
1119 3089 1248 3189 quibus

245 3201 334 3276 clavi
364 3200 408 3275 de
435 3224 533 3274 more
559 3198 679 3273 induci
709 3198 916 3273 valuillent:
943 3199 979 3273 in
1009 3227 1049 3274 ea
1071 3203 1248 3278 ullatenus

245 3316 353 3389 homo
382 3312 492 3386 facere
518 3311 692 3409 potuillet.
745 3311 822 3385 Nec
852 3311 946 3386 enim
977 3312 1067 3388 istud
1095 3316 1249 3416 intemp-

246 3425 376 3501 tatum³
406 3424 509 3499 fuit.
537 3425 672 3498 Verum
699 3424 815 3523 palma
845 3425 987 3500 dextere
1014 3426 1109 3503 illius
1135 3428 1248 3506 ferreo

245 3540 306 3614 vix
351 3539 581 3614 instrumento
623 3538 883 3637 aliquantulum
925 3537 1103 3639 superficie
1146 3560 1248 3618 tenus

246 3652 416 3727 terebrata
449 3649 640 3725 molliciem
674 3649 826 3725 habuilie
860 3650 1003 3726 inventa
1028 3653 1075 3728 est
1109 3712 1117 3729 .
1153 3658 1248 3733 unde

245 3766 370 3840 emisit·
389 3763 593 3864 sanguinem
624 3820 632 3837 .
662 3761 720 3838 sed
748 3762 917 3839 duriciem
945 3790 1018 3839 non
1047 3767 1158 3843 amisit
1177 3797 1249 3871 qua
1335 3764 1337 3768 ὗ

285 3918 297 3959 ¹
318 3917 406 3978 Dent.
420 3916 509 3976 xxxii.
528 3931 612 4056 rpfl
623 3996 659 4055 Μ
711 3996 718 4010 ι
740 3911 771 4054 t,
790 3914 882 4056 giubss
891 3915 1060 4056 3Gmillirrir,
1076 3918 1116 3979 G.

613 4039 621 4056 .
661 4015 789 4066 .;rncn
881 4039 891 4068 ,
937 4041 945 4057 .
