<?xml version="1.0" encoding="UTF-8"?>
<!DOCTYPE html PUBLIC "-//W3C//DTD XHTML 1.0 Transitional//EN"
    "http://www.w3.org/TR/xhtml1/DTD/xhtml1-transitional.dtd">
<html xmlns="http://www.w3.org/1999/xhtml" xml:lang="en" lang="en">
 <head>
  <title>
</title>
<meta http-equiv="Content-Type" content="text/html;charset=utf-8" />
  <meta name='ocr-system' content='tesseract 3.04.00' />
  <meta name='ocr-capabilities' content='ocr_page ocr_carea ocr_par ocr_line ocrx_word'/>
</head>
<body>
  <div class='ocr_page' id='page_1' title='image "./vitaharoldiroma00musegoog_0078.png"; bbox 0 0 3000 5152; ppageno 0'>
   <div class='ocr_carea' id='block_1_1' title="bbox 541 300 1253 411">
    <p class='ocr_par' dir='ltr' id='par_1_1' title="bbox 541 300 1253 411">
     <span class='ocr_line' id='line_1_1' title="bbox 541 300 1253 411; baseline 0.01 -30"><span class='ocrx_word' id='word_1_1' title='bbox 541 302 630 384; x_wconf 84' lang='lat' dir='ltr'>Vita</span> <span class='ocrx_word' id='word_1_2' title='bbox 658 300 823 383; x_wconf 74' lang='lat' dir='ltr'>Horoldi</span> <span class='ocrx_word' id='word_1_3' title='bbox 846 300 975 411; x_wconf 88' lang='lat' dir='ltr'>Regis.</span> <span class='ocrx_word' id='word_1_4' title='bbox 1195 327 1218 410; x_wconf 83' lang='lat'><em>5</em></span> <span class='ocrx_word' id='word_1_5' title='bbox 1223 327 1253 410; x_wconf 63' lang='grc' dir='ltr'>ς,</span> 
     </span>
    </p>
   </div>
   <div class='ocr_carea' id='block_1_2' title="bbox 243 497 1251 1968">
    <p class='ocr_par' dir='ltr' id='par_1_2' title="bbox 243 497 1251 1968">
     <span class='ocr_line' id='line_1_2' title="bbox 246 497 1249 609; baseline 0.008 -36"><span class='ocrx_word' id='word_1_6' title='bbox 246 497 396 601; x_wconf 84' lang='lat' dir='ltr'>suspiriis</span> <span class='ocrx_word' id='word_1_7' title='bbox 412 521 448 579; x_wconf 92' lang='lat' dir='ltr'>et</span> <span class='ocrx_word' id='word_1_8' title='bbox 466 507 626 605; x_wconf 77' lang='lat' dir='ltr'>precibus</span> <span class='ocrx_word' id='word_1_9' title='bbox 643 524 786 609; x_wconf 81' lang='lat' dir='ltr'>agentes</span> <span class='ocrx_word' id='word_1_10' title='bbox 803 505 1023 606; x_wconf 89' lang='lat' dir='ltr'>insompnem</span> <span class='ocrx_word' id='word_1_11' title='bbox 1040 504 1249 581; x_wconf 85' lang='lat' dir='ltr'>familiarem</span> 
     </span>
     <span class='ocr_line' id='line_1_3' title="bbox 244 609 1250 720; baseline 0.006 -33"><span class='ocrx_word' id='word_1_12' title='bbox 244 609 356 690; x_wconf 73' lang='lat' dir='ltr'>sancte</span> <span class='ocrx_word' id='word_1_13' title='bbox 385 619 511 693; x_wconf 76' lang='lat' dir='ltr'>crucisl</span> <span class='ocrx_word' id='word_1_14' title='bbox 539 621 733 720; x_wconf 83' lang='lat' dir='ltr'>expecierat</span> <span class='ocrx_word' id='word_1_15' title='bbox 761 619 1041 696; x_wconf 89' lang='lat' dir='ltr'>subvencionem.</span> <span class='ocrx_word' id='word_1_16' title='bbox 1108 620 1151 694; x_wconf 91' lang='lat' dir='ltr'>In</span> <span class='ocrx_word' id='word_1_17' title='bbox 1178 618 1250 719; x_wconf 90' lang='lat' dir='ltr'>ipsa</span> 
     </span>
     <span class='ocr_line' id='line_1_4' title="bbox 244 731 1249 809; baseline 0.008 -10"><span class='ocrx_word' id='word_1_18' title='bbox 244 751 328 803; x_wconf 85' lang='lat' dir='ltr'>vero</span> <span class='ocrx_word' id='word_1_19' title='bbox 346 736 447 807; x_wconf 75' lang='lat' dir='ltr'>nocte</span> <span class='ocrx_word' id='word_1_20' title='bbox 470 733 604 808; x_wconf 91' lang='lat' dir='ltr'>astititit</span> <span class='ocrx_word' id='word_1_21' title='bbox 622 735 658 808; x_wconf 92' lang='lat' dir='ltr'>in</span> <span class='ocrx_word' id='word_1_22' title='bbox 676 734 805 809; x_wconf 80' lang='lat' dir='ltr'>vifione</span> <span class='ocrx_word' id='word_1_23' title='bbox 822 732 920 809; x_wconf 88' lang='lat' dir='ltr'>servo</span> <span class='ocrx_word' id='word_1_24' title='bbox 936 732 1085 807; x_wconf 89' lang='lat' dir='ltr'>Domini</span> <span class='ocrx_word' id='word_1_25' title='bbox 1112 731 1249 807; x_wconf 78' lang='lat' dir='ltr'>Elsmo²</span> 
     </span>
     <span class='ocr_line' id='line_1_5' title="bbox 244 839 1250 948; baseline 0.007 -34"><span class='ocrx_word' id='word_1_26' title='bbox 244 839 360 916; x_wconf 86' lang='lat' dir='ltr'>abbati</span> <span class='ocrx_word' id='word_1_27' title='bbox 395 845 599 923; x_wconf 84' lang='lat' dir='ltr'>Ramefiensr</span> <span class='ocrx_word' id='word_1_28' title='bbox 632 846 764 923; x_wconf 77' lang='lat' dir='ltr'>sanctus</span> <span class='ocrx_word' id='word_1_29' title='bbox 803 864 838 922; x_wconf 86' lang='lat' dir='ltr'>et</span> <span class='ocrx_word' id='word_1_30' title='bbox 872 846 959 947; x_wconf 85' lang='lat' dir='ltr'>vigil</span> <span class='ocrx_word' id='word_1_31' title='bbox 1003 862 1250 948; x_wconf 83' lang='lat' dir='ltr'>propugnator</span> 
     </span>
     <span class='ocr_line' id='line_1_6' title="bbox 244 949 1249 1061; baseline 0.009 -36"><span class='ocrx_word' id='word_1_32' title='bbox 244 949 386 1030; x_wconf 91' lang='lat' dir='ltr'>suorum</span> <span class='ocrx_word' id='word_1_33' title='bbox 403 983 465 1033; x_wconf 84' lang='lat' dir='ltr'>rex</span> <span class='ocrx_word' id='word_1_34' title='bbox 490 961 687 1036; x_wconf 81' lang='lat' dir='ltr'>Edwardus</span> <span class='ocrx_word' id='word_1_35' title='bbox 713 961 927 1061; x_wconf 72' lang='lat' dir='ltr'>predecessor</span> <span class='ocrx_word' id='word_1_36' title='bbox 943 958 1011 1034; x_wconf 82' lang='lat' dir='ltr'>viri</span> <span class='ocrx_word' id='word_1_37' title='bbox 1028 959 1197 1034; x_wconf 88' lang='lat' dir='ltr'>merentis</span> <span class='ocrx_word' id='word_1_38' title='bbox 1213 976 1249 1034; x_wconf 91' lang='lat' dir='ltr'>et</span> 
     </span>
     <span class='ocr_line' id='line_1_7' title="bbox 243 1065 1250 1176; baseline 0.007 -36"><span class='ocrx_word' id='word_1_39' title='bbox 243 1065 359 1142; x_wconf 70' lang='lat' dir='ltr'>afflicti</span> <span class='ocrx_word' id='word_1_40' title='bbox 383 1097 586 1172; x_wconf 85' lang='lat' dir='ltr'>exponens.</span> <span class='ocrx_word' id='word_1_41' title='bbox 606 1074 722 1149; x_wconf 91' lang='lat' dir='ltr'>abbati</span> <span class='ocrx_word' id='word_1_42' title='bbox 740 1075 832 1176; x_wconf 83' lang='lat' dir='ltr'>regis</span> <span class='ocrx_word' id='word_1_43' title='bbox 842 1091 1035 1174; x_wconf 84' lang='lat' dir='ltr'>utrumque</span> <span class='ocrx_word' id='word_1_44' title='bbox 1045 1088 1081 1147; x_wconf 91' lang='lat' dir='ltr'>et</span> <span class='ocrx_word' id='word_1_45' title='bbox 1094 1072 1250 1173; x_wconf 83' lang='lat' dir='ltr'>corporis</span> 
     </span>
     <span class='ocr_line' id='line_1_8' title="bbox 244 1174 1250 1287; baseline 0.008 -36"><span class='ocrx_word' id='word_1_46' title='bbox 244 1174 371 1256; x_wconf 89' lang='lat' dir='ltr'>scilicet</span> <span class='ocrx_word' id='word_1_47' title='bbox 388 1201 425 1258; x_wconf 89' lang='lat' dir='ltr'>et</span> <span class='ocrx_word' id='word_1_48' title='bbox 442 1186 557 1261; x_wconf 83' lang='lat' dir='ltr'>cordis</span> <span class='ocrx_word' id='word_1_49' title='bbox 573 1186 841 1264; x_wconf 88' lang='lat' dir='ltr'>incommodum</span> <span class='ocrx_word' id='word_1_50' title='bbox 858 1184 1094 1287; x_wconf 83' lang='lat' dir='ltr'>cogitaciones</span> <span class='ocrx_word' id='word_1_51' title='bbox 1110 1183 1250 1285; x_wconf 87' lang='lat' dir='ltr'>insuper</span> 
     </span>
     <span class='ocr_line' id='line_1_9' title="bbox 244 1290 1249 1398; baseline 0.008 -33"><span class='ocrx_word' id='word_1_52' title='bbox 244 1290 339 1369; x_wconf 84' lang='lat' dir='ltr'>illius</span> <span class='ocrx_word' id='word_1_53' title='bbox 356 1295 393 1370; x_wconf 91' lang='lat' dir='ltr'>in</span> <span class='ocrx_word' id='word_1_54' title='bbox 410 1298 516 1373; x_wconf 90' lang='lat' dir='ltr'>cubili</span> <span class='ocrx_word' id='word_1_55' title='bbox 535 1298 597 1375; x_wconf 90' lang='lat' dir='ltr'>suo</span> <span class='ocrx_word' id='word_1_56' title='bbox 614 1301 646 1376; x_wconf 92' lang='lat' dir='ltr'>ei</span> <span class='ocrx_word' id='word_1_57' title='bbox 664 1301 884 1376; x_wconf 82' lang='lat' dir='ltr'>manifestans</span> <span class='ocrx_word' id='word_1_58' title='bbox 902 1357 910 1374; x_wconf 91' lang='lat'>.</span> <span class='ocrx_word' id='word_1_59' title='bbox 930 1296 1143 1398; x_wconf 91' lang='lat' dir='ltr'>mittensque</span> <span class='ocrx_word' id='word_1_60' title='bbox 1166 1324 1249 1373; x_wconf 90' lang='lat' dir='ltr'>eum</span> 
     </span>
     <span class='ocr_line' id='line_1_10' title="bbox 243 1410 1249 1515; baseline 0.004 -34"><span class='ocrx_word' id='word_1_61' title='bbox 243 1423 279 1481; x_wconf 91' lang='lat' dir='ltr'>et</span> <span class='ocrx_word' id='word_1_62' title='bbox 305 1410 423 1485; x_wconf 78' lang='lat' dir='ltr'>dicens</span> <span class='ocrx_word' id='word_1_63' title='bbox 445 1412 487 1487; x_wconf 92' lang='lat' dir='ltr'>ei.</span> <span class='ocrx_word' id='word_1_64' title='bbox 541 1424 564 1456; x_wconf 91' lang='lat'><strong>“</strong></span> <span class='ocrx_word' id='word_1_65' title='bbox 577 1415 730 1515; x_wconf 83' lang='lat' dir='ltr'>Surgens</span> <span class='ocrx_word' id='word_1_66' title='bbox 747 1416 836 1491; x_wconf 89' lang='lat' dir='ltr'>vade</span> <span class='ocrx_word' id='word_1_67' title='bbox 862 1430 898 1489; x_wconf 92' lang='lat' dir='ltr'>et</span> <span class='ocrx_word' id='word_1_68' title='bbox 928 1411 1155 1487; x_wconf 85' lang='lat' dir='ltr'>annunciabis</span> <span class='ocrx_word' id='word_1_69' title='bbox 1174 1411 1249 1513; x_wconf 90' lang='lat' dir='ltr'>regi</span> 
     </span>
     <span class='ocr_line' id='line_1_11' title="bbox 243 1521 1249 1628; baseline 0.004 -34"><span class='ocrx_word' id='word_1_70' title='bbox 243 1521 355 1597; x_wconf 85' lang='lat' dir='ltr'>vestro</span> <span class='ocrx_word' id='word_1_71' title='bbox 371 1550 416 1598; x_wconf 86' lang='lat' dir='ltr'>ex</span> <span class='ocrx_word' id='word_1_72' title='bbox 432 1551 489 1601; x_wconf 92' lang='lat' dir='ltr'>me</span> <span class='ocrx_word' id='word_1_73' title='bbox 505 1526 588 1627; x_wconf 92' lang='lat' dir='ltr'>quia</span> <span class='ocrx_word' id='word_1_74' title='bbox 605 1545 641 1602; x_wconf 91' lang='lat' dir='ltr'>et</span> <span class='ocrx_word' id='word_1_75' title='bbox 659 1527 826 1628; x_wconf 84' lang='lat' dir='ltr'>presentis</span> <span class='ocrx_word' id='word_1_76' title='bbox 851 1526 902 1602; x_wconf 93' lang='lat' dir='ltr'>sui</span> <span class='ocrx_word' id='word_1_77' title='bbox 926 1524 1059 1602; x_wconf 90' lang='lat' dir='ltr'>doloris</span> <span class='ocrx_word' id='word_1_78' title='bbox 1076 1525 1249 1600; x_wconf 91' lang='lat' dir='ltr'>medelam</span> 
     </span>
     <span class='ocr_line' id='line_1_12' title="bbox 243 1635 1251 1717; baseline 0.004 -9"><span class='ocrx_word' id='word_1_79' title='bbox 243 1650 279 1708; x_wconf 89' lang='lat' dir='ltr'>et</span> <span class='ocrx_word' id='word_1_80' title='bbox 303 1635 519 1713; x_wconf 83' lang='lat' dir='ltr'>imminentis</span> <span class='ocrx_word' id='word_1_81' title='bbox 538 1639 619 1714; x_wconf 92' lang='lat' dir='ltr'>belli</span> <span class='ocrx_word' id='word_1_82' title='bbox 646 1667 702 1715; x_wconf 94' lang='lat' dir='ltr'>me</span> <span class='ocrx_word' id='word_1_83' title='bbox 720 1641 973 1717; x_wconf 89' lang='lat' dir='ltr'>interveniente</span> <span class='ocrx_word' id='word_1_84' title='bbox 990 1641 1090 1713; x_wconf 89' lang='lat' dir='ltr'>Deus</span> <span class='ocrx_word' id='word_1_85' title='bbox 1107 1636 1138 1711; x_wconf 91' lang='lat' dir='ltr'>ei</span> <span class='ocrx_word' id='word_1_86' title='bbox 1164 1664 1251 1712; x_wconf 92' lang='lat' dir='ltr'>con·</span> 
     </span>
     <span class='ocr_line' id='line_1_13' title="bbox 243 1749 1249 1856; baseline 0.003 -34"><span class='ocrx_word' id='word_1_87' title='bbox 243 1749 335 1823; x_wconf 84' lang='lat' dir='ltr'>cellit</span> <span class='ocrx_word' id='word_1_88' title='bbox 370 1749 562 1827; x_wconf 71' lang='lat' dir='ltr'>vietoriam.</span> <span class='ocrx_word' id='word_1_89' title='bbox 615 1754 667 1828; x_wconf 93' lang='lat' dir='ltr'>Sit</span> <span class='ocrx_word' id='word_1_90' title='bbox 697 1755 728 1829; x_wconf 94' lang='lat' dir='ltr'>ei</span> <span class='ocrx_word' id='word_1_91' title='bbox 758 1753 1018 1856; x_wconf 77' lang='lat' dir='ltr'>cogitationum</span> <span class='ocrx_word' id='word_1_92' title='bbox 1048 1751 1164 1826; x_wconf 84' lang='lat' dir='ltr'>cordis</span> <span class='ocrx_word' id='word_1_93' title='bbox 1197 1751 1249 1827; x_wconf 92' lang='lat' dir='ltr'>sui</span> 
     </span>
     <span class='ocr_line' id='line_1_14' title="bbox 244 1864 1249 1968; baseline 0.006 -34"><span class='ocrx_word' id='word_1_94' title='bbox 244 1864 413 1940; x_wconf 86' lang='lat' dir='ltr'>revelatio</span> <span class='ocrx_word' id='word_1_95' title='bbox 430 1865 671 1968; x_wconf 90' lang='lat' dir='ltr'>consequende</span> <span class='ocrx_word' id='word_1_96' title='bbox 681 1867 915 1943; x_wconf 91' lang='lat' dir='ltr'>incontinenti</span> <span class='ocrx_word' id='word_1_97' title='bbox 929 1864 1101 1941; x_wconf 83' lang='lat' dir='ltr'>divinitus</span> <span class='ocrx_word' id='word_1_98' title='bbox 1112 1864 1249 1967; x_wconf 67' lang='lat' dir='ltr'>signum</span> 
     </span>
    </p>
   </div>
   <div class='ocr_carea' id='block_1_3' title="bbox 243 1978 1372 2078">
    <p class='ocr_par' dir='ltr' id='par_1_3' title="bbox 243 1978 1372 2078">
     <span class='ocr_line' id='line_1_15' title="bbox 243 1978 1372 2078; baseline 0.004 -27"><span class='ocrx_word' id='word_1_99' title='bbox 243 1978 415 2055; x_wconf 88' lang='lat' dir='ltr'>medicine</span> <span class='ocrx_word' id='word_1_100' title='bbox 440 1981 479 2054; x_wconf 84' lang='lat' dir='ltr'>srt</span> <span class='ocrx_word' id='word_1_101' title='bbox 504 1999 540 2054; x_wconf 88' lang='lat' dir='ltr'>et</span> <span class='ocrx_word' id='word_1_102' title='bbox 566 1981 791 2056; x_wconf 86' lang='lat' dir='ltr'>revelacionis</span> <span class='ocrx_word' id='word_1_103' title='bbox 816 1980 953 2056; x_wconf 89' lang='lat' dir='ltr'>insolite</span> <span class='ocrx_word' id='word_1_104' title='bbox 978 1995 1248 2078; x_wconf 81' lang='lat' dir='ltr'>argumentum:</span> <span class='ocrx_word' id='word_1_105' title='bbox 1369 1983 1372 1989; x_wconf 76' lang='grc'>’</span> 
     </span>
    </p>
   </div>
   <div class='ocr_carea' id='block_1_4' title="bbox 242 2092 1304 2994">
    <p class='ocr_par' dir='ltr' id='par_1_4' title="bbox 242 2092 1304 2994">
     <span class='ocr_line' id='line_1_16' title="bbox 243 2092 1250 2198; baseline 0.001 -31"><span class='ocrx_word' id='word_1_106' title='bbox 243 2093 441 2192; x_wconf 79' lang='lat' dir='ltr'>capellende</span> <span class='ocrx_word' id='word_1_107' title='bbox 457 2093 601 2170; x_wconf 74' lang='lat' dir='ltr'>victorie</span> <span class='ocrx_word' id='word_1_108' title='bbox 625 2095 822 2198; x_wconf 81' lang='lat' dir='ltr'>presagium</span> <span class='ocrx_word' id='word_1_109' title='bbox 846 2092 1121 2171; x_wconf 87' lang='lat' dir='ltr'>indubitatum.’&#39;</span> <span class='ocrx_word' id='word_1_110' title='bbox 1173 2095 1250 2169; x_wconf 83' lang='lat' dir='ltr'>Rex</span> 
     </span>
     <span class='ocr_line' id='line_1_17' title="bbox 243 2203 1251 2309; baseline 0.003 -29"><span class='ocrx_word' id='word_1_111' title='bbox 243 2206 363 2307; x_wconf 81' lang='lat' dir='ltr'>itaque</span> <span class='ocrx_word' id='word_1_112' title='bbox 387 2225 429 2283; x_wconf 92' lang='lat' dir='ltr'>ut</span> <span class='ocrx_word' id='word_1_113' title='bbox 454 2209 573 2309; x_wconf 85' lang='lat' dir='ltr'>paucis</span> <span class='ocrx_word' id='word_1_114' title='bbox 599 2228 743 2285; x_wconf 90' lang='lat' dir='ltr'>utamur</span> <span class='ocrx_word' id='word_1_115' title='bbox 768 2208 899 2284; x_wconf 84' lang='lat' dir='ltr'>divinis</span> <span class='ocrx_word' id='word_1_116' title='bbox 916 2222 1059 2282; x_wconf 88' lang='lat' dir='ltr'>curatur</span> <span class='ocrx_word' id='word_1_117' title='bbox 1076 2203 1251 2283; x_wconf 77' lang='lat' dir='ltr'>beneficiis</span> 
     </span>
     <span class='ocr_line' id='line_1_18' title="bbox 243 2321 1251 2419; baseline 0.004 -26"><span class='ocrx_word' id='word_1_118' title='bbox 243 2321 457 2396; x_wconf 86' lang='lat' dir='ltr'>exhilaratur</span> <span class='ocrx_word' id='word_1_119' title='bbox 490 2323 650 2398; x_wconf 84' lang='lat' dir='ltr'>oraculis.</span> <span class='ocrx_word' id='word_1_120' title='bbox 710 2323 841 2398; x_wconf 85' lang='lat' dir='ltr'>Hostes</span> <span class='ocrx_word' id='word_1_121' title='bbox 884 2323 1032 2398; x_wconf 89' lang='lat' dir='ltr'>fidenter</span> <span class='ocrx_word' id='word_1_122' title='bbox 1074 2322 1251 2419; x_wconf 81' lang='lat' dir='ltr'>aggressus</span> 
     </span>
     <span class='ocr_line' id='line_1_19' title="bbox 243 2431 1251 2537; baseline 0.004 -31"><span class='ocrx_word' id='word_1_123' title='bbox 243 2431 344 2509; x_wconf 90' lang='lat' dir='ltr'>facile</span> <span class='ocrx_word' id='word_1_124' title='bbox 369 2435 481 2510; x_wconf 89' lang='lat' dir='ltr'>vincit</span> <span class='ocrx_word' id='word_1_125' title='bbox 516 2495 524 2511; x_wconf 90' lang='lat'>.</span> <span class='ocrx_word' id='word_1_126' title='bbox 560 2437 643 2537; x_wconf 93' lang='lat' dir='ltr'>quia</span> <span class='ocrx_word' id='word_1_127' title='bbox 661 2463 733 2511; x_wconf 91' lang='lat' dir='ltr'>non</span> <span class='ocrx_word' id='word_1_128' title='bbox 761 2493 769 2510; x_wconf 93' lang='lat'>.</span> <span class='ocrx_word' id='word_1_129' title='bbox 797 2435 866 2510; x_wconf 83' lang='lat' dir='ltr'>suis</span> <span class='ocrx_word' id='word_1_130' title='bbox 899 2434 957 2510; x_wconf 90' lang='lat' dir='ltr'>sed</span> <span class='ocrx_word' id='word_1_131' title='bbox 991 2434 1087 2512; x_wconf 86' lang='lat' dir='ltr'>illius</span> <span class='ocrx_word' id='word_1_132' title='bbox 1117 2436 1251 2512; x_wconf 81' lang='lat' dir='ltr'>viribus</span> 
     </span>
     <span class='ocr_line' id='line_1_20' title="bbox 243 2546 1250 2651; baseline 0.003 -29"><span class='ocrx_word' id='word_1_133' title='bbox 243 2546 454 2649; x_wconf 89' lang='lat' dir='ltr'>superavit.</span> <span class='ocrx_word' id='word_1_134' title='bbox 486 2552 548 2651; x_wconf 93' lang='lat' dir='ltr'>qui</span> <span class='ocrx_word' id='word_1_135' title='bbox 579 2550 674 2626; x_wconf 89' lang='lat' dir='ltr'>sanat</span> <span class='ocrx_word' id='word_1_136' title='bbox 712 2550 885 2627; x_wconf 83' lang='lat' dir='ltr'>contritos</span> <span class='ocrx_word' id='word_1_137' title='bbox 926 2551 1032 2626; x_wconf 91' lang='lat' dir='ltr'>corde</span> <span class='ocrx_word' id='word_1_138' title='bbox 1068 2569 1104 2644; x_wconf 79' lang='lat' dir='ltr'>et</span> <span class='ocrx_word' id='word_1_139' title='bbox 1127 2551 1250 2651; x_wconf 88' lang='lat' dir='ltr'>alligat</span> 
     </span>
     <span class='ocr_line' id='line_1_21' title="bbox 243 2662 1304 2767; baseline 0.007 -31"><span class='ocrx_word' id='word_1_140' title='bbox 243 2662 472 2738; x_wconf 85' lang='lat' dir='ltr'>contritiones</span> <span class='ocrx_word' id='word_1_141' title='bbox 489 2690 612 2739; x_wconf 91' lang='lat' dir='ltr'>eorum</span> <span class='ocrx_word' id='word_1_142' title='bbox 632 2723 640 2739; x_wconf 93' lang='lat'>.</span> <span class='ocrx_word' id='word_1_143' title='bbox 659 2662 825 2739; x_wconf 79' lang='lat' dir='ltr'>deiciens³</span> <span class='ocrx_word' id='word_1_144' title='bbox 842 2662 963 2764; x_wconf 91' lang='lat' dir='ltr'>gladio</span> <span class='ocrx_word' id='word_1_145' title='bbox 975 2664 1203 2767; x_wconf 88' lang='lat' dir='ltr'>diligentium</span> <span class='ocrx_word' id='word_1_146' title='bbox 1216 2662 1250 2738; x_wconf 90' lang='lat' dir='ltr'>se</span> <span class='ocrx_word' id='word_1_147' title='bbox 1300 2724 1304 2743; x_wconf 83' lang='grc'>.</span> 
     </span>
     <span class='ocr_line' id='line_1_22' title="bbox 242 2775 1275 2880; baseline 0.002 -32"><span class='ocrx_word' id='word_1_148' title='bbox 242 2775 355 2851; x_wconf 82' lang='lat' dir='ltr'>hostes</span> <span class='ocrx_word' id='word_1_149' title='bbox 384 2775 537 2853; x_wconf 91' lang='lat' dir='ltr'>suorum.</span> <span class='ocrx_word' id='word_1_150' title='bbox 590 2778 786 2880; x_wconf 87' lang='lat' dir='ltr'>Colligitur</span> <span class='ocrx_word' id='word_1_151' title='bbox 810 2803 895 2878; x_wconf 90' lang='lat' dir='ltr'>ergo</span> <span class='ocrx_word' id='word_1_152' title='bbox 923 2777 1061 2853; x_wconf 91' lang='lat' dir='ltr'>racione</span> <span class='ocrx_word' id='word_1_153' title='bbox 1084 2804 1157 2853; x_wconf 91' lang='lat' dir='ltr'>non</span> <span class='ocrx_word' id='word_1_154' title='bbox 1183 2777 1275 2850; x_wconf 54' lang='lat' dir='ltr'>im-x</span> 
     </span>
     <span class='ocr_line' id='line_1_23' title="bbox 244 2890 1249 2994; baseline 0.002 -30"><span class='ocrx_word' id='word_1_155' title='bbox 244 2890 416 2989; x_wconf 92' lang='lat' dir='ltr'>probabili</span> <span class='ocrx_word' id='word_1_156' title='bbox 446 2890 644 2969; x_wconf 85' lang='lat' dir='ltr'>suadente.</span> <span class='ocrx_word' id='word_1_157' title='bbox 671 2892 755 2994; x_wconf 90' lang='lat' dir='ltr'>quia</span> <span class='ocrx_word' id='word_1_158' title='bbox 782 2890 986 2967; x_wconf 72' lang='lat' dir='ltr'>sancriffimo</span> <span class='ocrx_word' id='word_1_159' title='bbox 1016 2892 1249 2992; x_wconf 83' lang='lat' dir='ltr'>predecessore</span> 
     </span>
    </p>
   </div>
   <div class='ocr_carea' id='block_1_5' title="bbox 240 3030 1248 3783">
    <p class='ocr_par' dir='ltr' id='par_1_5' title="bbox 283 3030 600 3106">
     <span class='ocr_line' id='line_1_24' title="bbox 283 3030 600 3106; baseline 0.006 -14"><span class='ocrx_word' id='word_1_160' title='bbox 283 3030 295 3071; x_wconf 88' lang='lat'>¹</span> <span class='ocrx_word' id='word_1_161' title='bbox 316 3031 427 3105; x_wconf 87' lang='lat' dir='ltr'>H.M.;</span> <span class='ocrx_word' id='word_1_162' title='bbox 448 3036 544 3106; x_wconf 78' lang='lat' dir='ltr'>carcia,</span> <span class='ocrx_word' id='word_1_163' title='bbox 559 3035 600 3094; x_wconf 92' lang='lat' dir='ltr'>G.</span> 
     </span>
    </p>

    <p class='ocr_par' dir='ltr' id='par_1_6' title="bbox 240 3113 1248 3783">
     <span class='ocr_line' id='line_1_25' title="bbox 282 3113 1247 3194; baseline -0.003 -18"><span class='ocrx_word' id='word_1_164' title='bbox 282 3113 295 3154; x_wconf 80' lang='lat'>²</span> <span class='ocrx_word' id='word_1_165' title='bbox 316 3116 391 3175; x_wconf 81' lang='lat' dir='ltr'>Thia</span> <span class='ocrx_word' id='word_1_166' title='bbox 398 3116 496 3176; x_wconf 87' lang='lat' dir='ltr'>Abbot</span> <span class='ocrx_word' id='word_1_167' title='bbox 506 3116 614 3176; x_wconf 81' lang='lat' dir='ltr'>Ellinua</span> <span class='ocrx_word' id='word_1_168' title='bbox 622 3116 645 3175; x_wconf 82' lang='lat' dir='ltr'>ia</span> <span class='ocrx_word' id='word_1_169' title='bbox 653 3115 856 3194; x_wconf 81' lang='lat' dir='ltr'>theAlswynua</span> <span class='ocrx_word' id='word_1_170' title='bbox 864 3135 896 3173; x_wconf 90' lang='lat' dir='ltr'>or</span> <span class='ocrx_word' id='word_1_171' title='bbox 903 3115 1056 3193; x_wconf 81' lang='lat' dir='ltr'>Aylwynua</span> <span class='ocrx_word' id='word_1_172' title='bbox 1064 3114 1100 3173; x_wconf 88' lang='lat' dir='ltr'>of</span> <span class='ocrx_word' id='word_1_173' title='bbox 1105 3114 1247 3192; x_wconf 76' lang='lat' dir='ltr'>Dugdale,</span> 
     </span>
     <span class='ocr_line' id='line_1_26' title="bbox 241 3195 1248 3276; baseline 0.002 -23"><span class='ocrx_word' id='word_1_174' title='bbox 241 3197 307 3256; x_wconf 82' lang='lat' dir='ltr'>who</span> <span class='ocrx_word' id='word_1_175' title='bbox 330 3198 423 3276; x_wconf 77' lang='lat' dir='ltr'>placer</span> <span class='ocrx_word' id='word_1_176' title='bbox 450 3198 511 3257; x_wconf 88' lang='lat' dir='ltr'>him</span> <span class='ocrx_word' id='word_1_177' title='bbox 540 3197 613 3256; x_wconf 88' lang='lat' dir='ltr'>from</span> <span class='ocrx_word' id='word_1_178' title='bbox 637 3217 693 3257; x_wconf 75' lang='lat' dir='ltr'>nm.</span> <span class='ocrx_word' id='word_1_179' title='bbox 722 3213 901 3275; x_wconf 86' lang='lat'>1043-1079.</span> <span class='ocrx_word' id='word_1_180' title='bbox 953 3195 1023 3254; x_wconf 88' lang='lat' dir='ltr'>The</span> <span class='ocrx_word' id='word_1_181' title='bbox 1045 3197 1248 3273; x_wconf 81' lang='lat' dir='ltr'>Anglo-Saxon</span> 
     </span>
     <span class='ocr_line' id='line_1_27' title="bbox 241 3275 1246 3356; baseline 0.001 -21"><span class='ocrx_word' id='word_1_182' title='bbox 241 3278 386 3339; x_wconf 84' lang='lat' dir='ltr'>chronicle</span> <span class='ocrx_word' id='word_1_183' title='bbox 409 3280 550 3339; x_wconf 78' lang='lat' dir='ltr'>mentione</span> <span class='ocrx_word' id='word_1_184' title='bbox 576 3280 637 3338; x_wconf 89' lang='lat' dir='ltr'>him</span> <span class='ocrx_word' id='word_1_185' title='bbox 659 3299 687 3337; x_wconf 76' lang='lat' dir='ltr'>aa</span> <span class='ocrx_word' id='word_1_186' title='bbox 710 3277 848 3337; x_wconf 83' lang='lat' dir='ltr'>AElfwine</span> <span class='ocrx_word' id='word_1_187' title='bbox 872 3278 902 3335; x_wconf 87' lang='lat' dir='ltr'>in</span> <span class='ocrx_word' id='word_1_188' title='bbox 924 3296 982 3335; x_wconf 65' lang='lat' dir='ltr'>mo.</span> <span class='ocrx_word' id='word_1_189' title='bbox 1008 3275 1083 3355; x_wconf 91' lang='lat'><em>1046</em></span> <span class='ocrx_word' id='word_1_190' title='bbox 1104 3297 1136 3336; x_wconf 89' lang='lat' dir='ltr'>or</span> <span class='ocrx_word' id='word_1_191' title='bbox 1160 3280 1246 3356; x_wconf 88' lang='grc'><strong>1048.</strong></span> 
     </span>
     <span class='ocr_line' id='line_1_28' title="bbox 242 3357 1247 3420; baseline 0.001 -3"><span class='ocrx_word' id='word_1_192' title='bbox 242 3357 291 3419; x_wconf 86' lang='lat' dir='ltr'>He</span> <span class='ocrx_word' id='word_1_193' title='bbox 313 3380 410 3420; x_wconf 81' lang='lat' dir='ltr'>occurs</span> <span class='ocrx_word' id='word_1_194' title='bbox 431 3361 460 3420; x_wconf 89' lang='lat' dir='ltr'>in</span> <span class='ocrx_word' id='word_1_195' title='bbox 481 3358 585 3420; x_wconf 84' lang='lat' dir='ltr'>several</span> <span class='ocrx_word' id='word_1_196' title='bbox 612 3361 736 3419; x_wconf 82' lang='lat' dir='ltr'>chartera</span> <span class='ocrx_word' id='word_1_197' title='bbox 758 3359 788 3417; x_wconf 90' lang='lat' dir='ltr'>in</span> <span class='ocrx_word' id='word_1_198' title='bbox 809 3357 956 3418; x_wconf 81' lang='lat' dir='ltr'>Kemble&#39;e</span> <span class='ocrx_word' id='word_1_199' title='bbox 972 3359 1062 3418; x_wconf 76' lang='lat' dir='ltr'>Codex</span> <span class='ocrx_word' id='word_1_200' title='bbox 1079 3378 1107 3416; x_wconf 76' lang='lat' dir='ltr'>aa</span> <span class='ocrx_word' id='word_1_201' title='bbox 1120 3358 1247 3418; x_wconf 68' lang='lat' dir='ltr'>alwinus</span> 
     </span>
     <span class='ocr_line' id='line_1_29' title="bbox 242 3436 1246 3521; baseline 0.001 -24"><span class='ocrx_word' id='word_1_202' title='bbox 242 3439 313 3514; x_wconf 87' lang='lat' dir='ltr'>(No.</span> <span class='ocrx_word' id='word_1_203' title='bbox 326 3444 406 3521; x_wconf 88' lang='lat'>809),</span> <span class='ocrx_word' id='word_1_204' title='bbox 418 3441 570 3502; x_wconf 78' lang='lat' dir='ltr'>AElfwinua</span> <span class='ocrx_word' id='word_1_205' title='bbox 582 3441 665 3517; x_wconf 82' lang='lat' dir='ltr'>(Noe.</span> <span class='ocrx_word' id='word_1_206' title='bbox 680 3443 696 3499; x_wconf 85' lang='lat'><em>8</em></span> <span class='ocrx_word' id='word_1_207' title='bbox 700 3456 746 3517; x_wconf 80' lang='lat'>53,</span> <span class='ocrx_word' id='word_1_208' title='bbox 758 3457 827 3518; x_wconf 88' lang='lat'>904,</span> <span class='ocrx_word' id='word_1_209' title='bbox 836 3436 917 3518; x_wconf 82' lang='lat'>919),</span> <span class='ocrx_word' id='word_1_210' title='bbox 930 3437 1066 3498; x_wconf 82' lang='lat' dir='ltr'>AElfwine</span> <span class='ocrx_word' id='word_1_211' title='bbox 1079 3438 1151 3514; x_wconf 86' lang='lat' dir='ltr'>(No.</span> <span class='ocrx_word' id='word_1_212' title='bbox 1165 3442 1181 3498; x_wconf 90' lang='lat'>8</span> <span class='ocrx_word' id='word_1_213' title='bbox 1185 3441 1246 3515; x_wconf 79' lang='lat'>53),</span> 
     </span>
     <span class='ocr_line' id='line_1_30' title="bbox 241 3519 1246 3602; baseline 0 -23"><span class='ocrx_word' id='word_1_214' title='bbox 241 3520 361 3581; x_wconf 84' lang='lat' dir='ltr'>AElswin</span> <span class='ocrx_word' id='word_1_215' title='bbox 384 3523 454 3599; x_wconf 87' lang='lat' dir='ltr'>(No.</span> <span class='ocrx_word' id='word_1_216' title='bbox 476 3523 558 3602; x_wconf 90' lang='grc'><strong>904),</strong></span> <span class='ocrx_word' id='word_1_217' title='bbox 579 3522 634 3581; x_wconf 83' lang='lat' dir='ltr'>and</span> <span class='ocrx_word' id='word_1_218' title='bbox 655 3521 801 3599; x_wconf 83' lang='lat' dir='ltr'>AElswyne</span> <span class='ocrx_word' id='word_1_219' title='bbox 825 3520 897 3595; x_wconf 88' lang='lat' dir='ltr'>(No.</span> <span class='ocrx_word' id='word_1_220' title='bbox 911 3522 993 3598; x_wconf 88' lang='lat'><strong>904).</strong></span> <span class='ocrx_word' id='word_1_221' title='bbox 1042 3519 1111 3578; x_wconf 87' lang='lat' dir='ltr'>The</span> <span class='ocrx_word' id='word_1_222' title='bbox 1134 3519 1246 3579; x_wconf 85' lang='lat' dir='ltr'>French</span> 
     </span>
     <span class='ocr_line' id='line_1_31' title="bbox 241 3600 1246 3684; baseline -0.001 -24"><span class='ocrx_word' id='word_1_223' title='bbox 241 3603 369 3664; x_wconf 82' lang='lat' dir='ltr'>metricas</span> <span class='ocrx_word' id='word_1_224' title='bbox 383 3624 467 3682; x_wconf 87' lang='lat' dir='ltr'>poem</span> <span class='ocrx_word' id='word_1_225' title='bbox 482 3600 648 3684; x_wconf 56' lang='lat' dir='ltr'>printedssby</span> <span class='ocrx_word' id='word_1_226' title='bbox 663 3603 735 3663; x_wconf 86' lang='lat' dir='ltr'>Rev.</span> <span class='ocrx_word' id='word_1_227' title='bbox 751 3601 810 3659; x_wconf 89' lang='lat' dir='ltr'>Mr.</span> <span class='ocrx_word' id='word_1_228' title='bbox 819 3601 915 3660; x_wconf 81' lang='lat' dir='ltr'>Luard</span> <span class='ocrx_word' id='word_1_229' title='bbox 927 3619 1030 3677; x_wconf 82' lang='lat' dir='ltr'>among</span> <span class='ocrx_word' id='word_1_230' title='bbox 1044 3600 1094 3659; x_wconf 86' lang='lat' dir='ltr'>the</span> <span class='ocrx_word' id='word_1_231' title='bbox 1108 3607 1127 3636; x_wconf 86' lang='lat'>“</span> <span class='ocrx_word' id='word_1_232' title='bbox 1138 3600 1246 3660; x_wconf 84' lang='lat' dir='ltr'>Master</span> 
     </span>
     <span class='ocr_line' id='line_1_32' title="bbox 240 3682 921 3783; baseline 0.004 -43"><span class='ocrx_word' id='word_1_233' title='bbox 240 3682 275 3741; x_wconf 90' lang='lat' dir='ltr'>os</span> <span class='ocrx_word' id='word_1_234' title='bbox 284 3685 334 3745; x_wconf 89' lang='lat' dir='ltr'>the</span> <span class='ocrx_word' id='word_1_235' title='bbox 349 3685 428 3745; x_wconf 84' lang='lat' dir='ltr'>Rolla</span> <span class='ocrx_word' id='word_1_236' title='bbox 442 3684 561 3747; x_wconf 81' lang='lat' dir='ltr'>Seriee&#39;&#39;</span> <span class='ocrx_word' id='word_1_237' title='bbox 576 3683 647 3761; x_wconf 89' lang='lat' dir='ltr'>(No.</span> <span class='ocrx_word' id='word_1_238' title='bbox 664 3687 704 3760; x_wconf 84' lang='lat'>3),</span> <span class='ocrx_word' id='word_1_239' title='bbox 718 3704 747 3783; x_wconf 88' lang='lat' dir='ltr'>p.</span> <span class='ocrx_word' id='word_1_240' title='bbox 766 3699 830 3761; x_wconf 86' lang='lat'>143,</span> <span class='ocrx_word' id='word_1_241' title='bbox 845 3682 921 3760; x_wconf 72' lang='lat' dir='ltr'>says:</span> 
     </span>
    </p>
   </div>
   <div class='ocr_carea' id='block_1_6' title="bbox 483 3787 1021 4034">
    <p class='ocr_par' dir='ltr' id='par_1_7' title="bbox 483 3787 1021 4034">
     <span class='ocr_line' id='line_1_33' title="bbox 483 3787 911 3861; baseline -0.007 -9"><span class='ocrx_word' id='word_1_242' title='bbox 483 3791 580 3852; x_wconf 88' lang='lat' dir='ltr'>“Une</span> <span class='ocrx_word' id='word_1_243' title='bbox 594 3792 659 3851; x_wconf 65' lang='lat' dir='ltr'>absc</span> <span class='ocrx_word' id='word_1_244' title='bbox 673 3791 704 3850; x_wconf 88' lang='lat' dir='ltr'>fu</span> <span class='ocrx_word' id='word_1_245' title='bbox 718 3787 754 3849; x_wconf 90' lang='lat' dir='ltr'>de</span> <span class='ocrx_word' id='word_1_246' title='bbox 770 3787 911 3861; x_wconf 83' lang='lat' dir='ltr'>Ramseie,</span> 
     </span>
     <span class='ocr_line' id='line_1_34' title="bbox 511 3869 1021 3940; baseline -0.01 -7"><span class='ocrx_word' id='word_1_247' title='bbox 511 3874 550 3933; x_wconf 88' lang='lat' dir='ltr'>Ki</span> <span class='ocrx_word' id='word_1_248' title='bbox 566 3873 653 3933; x_wconf 79' lang='lat' dir='ltr'>Alexe</span> <span class='ocrx_word' id='word_1_249' title='bbox 665 3886 715 3932; x_wconf 92' lang='lat' dir='ltr'>ont</span> <span class='ocrx_word' id='word_1_250' title='bbox 730 3891 799 3940; x_wconf 90' lang='lat' dir='ltr'>nun,</span> <span class='ocrx_word' id='word_1_251' title='bbox 813 3870 849 3930; x_wconf 91' lang='lat' dir='ltr'>de</span> <span class='ocrx_word' id='word_1_252' title='bbox 865 3869 953 3929; x_wconf 87' lang='lat' dir='ltr'>seinte</span> <span class='ocrx_word' id='word_1_253' title='bbox 967 3869 1021 3940; x_wconf 86' lang='lat' dir='ltr'>vie,</span> 
     </span>
     <span class='ocr_line' id='line_1_35' title="bbox 512 3950 1015 4034; baseline -0.01 -20"><span class='ocrx_word' id='word_1_254' title='bbox 512 3956 536 4014; x_wconf 84' lang='lat' dir='ltr'><strong>E</strong></span> <span class='ocrx_word' id='word_1_255' title='bbox 551 3956 572 4015; x_wconf 90' lang='lat' dir='ltr'>li</span> <span class='ocrx_word' id='word_1_256' title='bbox 585 3968 684 4034; x_wconf 80' lang='lat' dir='ltr'>aparut</span> <span class='ocrx_word' id='word_1_257' title='bbox 698 3951 769 4013; x_wconf 90' lang='lat' dir='ltr'>seint</span> <span class='ocrx_word' id='word_1_258' title='bbox 781 3950 1015 4022; x_wconf 79' lang='lat' dir='ltr'>Aedward,’&#39;etc.</span> 
     </span>
    </p>
   </div>
   <div class='ocr_carea' id='block_1_7' title="bbox 280 4059 645 4141">
    <p class='ocr_par' dir='ltr' id='par_1_8' title="bbox 280 4059 645 4141">
     <span class='ocr_line' id='line_1_36' title="bbox 280 4059 645 4141; baseline -0.008 -16"><span class='ocrx_word' id='word_1_259' title='bbox 280 4059 294 4101; x_wconf 85' lang='lat'>⁸</span> <span class='ocrx_word' id='word_1_260' title='bbox 314 4062 425 4134; x_wconf 83' lang='lat' dir='ltr'>H.M.;</span> <span class='ocrx_word' id='word_1_261' title='bbox 445 4061 591 4141; x_wconf 72' lang='lat' dir='ltr'>dejiciens,</span> <span class='ocrx_word' id='word_1_262' title='bbox 606 4061 645 4122; x_wconf 89' lang='lat' dir='ltr'>G.</span> 
     </span>
    </p>
   </div>
   <div class='ocr_carea' id='block_1_8' title="bbox 0 0 1504 5152">
    <p class='ocr_par' dir='ltr' id='par_1_9' title="bbox 0 0 1504 5152">
     <span class='ocr_line' id='line_1_37' title="bbox 0 0 1504 5152; baseline 0 1"><span class='ocrx_word' id='word_1_263' title='bbox 0 0 1504 5152; x_wconf 95' lang='lat' dir='ltr'> </span> 
     </span>
    </p>
   </div>
  </div>
 </body>
</html>
