3000 5152
415 302 504 382 Vita
534 296 697 381 Haroldi
722 297 849 405 Regis.
987 242 994 275 r
1078 319 1132 403 97

128 513 233 585 illum
259 508 411 586 deseruit
439 566 448 583 .
479 527 516 583 et
547 505 702 607 predicto
734 503 890 577 ministro
916 501 993 603 ejus
1021 497 1135 573 subse-

130 640 261 725 quente
280 681 288 697 .
307 620 474 698 cestriam
500 618 672 719 prosedas
697 617 755 691 est.
811 616 935 717 Ibique
951 616 988 689 in
1006 614 1134 713 capella

131 738 233 812 sandi
250 736 372 832 Jacobi
389 762 459 836 que
477 735 537 809 srta
561 731 727 832 estsuper
744 731 894 834 fluvium
907 733 964 803 De
980 729 1135 827 appella-

131 868 232 926 tum:
257 865 356 923 extra
387 872 510 922 muros
542 844 696 919 civitatis
731 843 768 918 in
802 842 995 917 cimeterio¹
1031 839 1134 915 saneti

130 960 303 1057 Johannis
330 960 482 1060 Baptiste
510 985 572 1059 per
602 955 843 1056 septennium:
870 954 998 1029 scilicet
1026 951 1135 1052 usque

130 1075 177 1149 ad
202 1092 352 1149 mortem
381 1087 390 1147 '.
418 1070 619 1146 heremitico
641 1070 765 1143 vivens
782 1067 1034 1169 religiosillime
1051 1091 1136 1140 con-

131 1186 340 1262 versabatur.
409 1185 590 1260 Utebatur
619 1200 738 1257 autem
764 1185 809 1259 ad
839 1182 977 1256 nudum
999 1179 1136 1254 tamdiu

133 1299 261 1374 lorica:
287 1296 469 1400 quousque
486 1314 563 1372 tota
585 1296 788 1395 putrefieret
807 1351 815 1368 .
833 1312 870 1368 et
888 1293 1036 1368 omnino
1051 1317 1137 1367 con·

134 1413 269 1512 sumpta
286 1412 474 1487 videretur.
527 1411 687 1486 Scilluras
704 1436 790 1484 vero
806 1409 883 1511 ejus
897 1465 906 1483 .
920 1425 956 1483 et
973 1407 1164 1507 portium
1177 1426 1240 1484 aab

134 1528 228 1600 culas
244 1525 426 1600 dissolutas
442 1525 600 1599 ministro
617 1523 679 1598 suo
697 1523 815 1622 Moysr
835 1521 1022 1621 imperavit
1040 1538 1080 1594 ut
1099 1519 1137 1593 in

133 1638 282 1712 fluvium
305 1639 350 1712 de
380 1637 510 1712 secreto
539 1636 727 1738 proiceret2
745 1693 754 1710 .
773 1662 817 1710 ne
834 1634 948 1735 ipsum
971 1660 1011 1708 ea
1038 1631 1139 1707 fuisse

134 1750 235 1825 usum
252 1750 355 1825 alicui
373 1750 561 1826 hominum
573 1767 718 1850 pateret.
770 1748 980 1824 Castiffimus
992 1746 1139 1848 quidem

135 1863 204 1937 suit
218 1889 364 1962 corpore
378 1920 388 1938 .
402 1880 437 1938 et
450 1863 632 1938 continens
643 1864 748 1938 corde
764 1861 908 1936 humilis
921 1878 956 1934 et
973 1860 1137 1960 prudens.

137 1978 250 2079 Cujus
266 1976 482 2053 condicionis
499 1977 581 2053 esset
605 1976 736 2075 semper
761 1975 959 2050 occultabat
977 1972 1140 2076 nejsorte

135 2091 172 2164 in
206 2090 314 2164 nimia
348 2090 392 2163 ab
426 2089 632 2165 hominibus
666 2089 891 2163 veneracione
916 2087 1138 2167 baberetur.

136 2204 231 2277 unde
248 2203 386 2277 animus
402 2205 515 2277 elatus
527 2230 548 2277 a
560 2201 778 2277 restitudinis
791 2201 932 2276 tramite
943 2200 1139 2275 laberetur.

135 2333 171 2390 et
189 2315 285 2415 apud
301 2319 421 2389 Deum
447 2314 655 2390 humilitatis
684 2314 788 2415 ipsius
813 2315 978 2389 meritum
1005 2314 1142 2388 minue-

137 2447 244 2503 retur.
308 2429 403 2502 Raro
437 2428 583 2529 quidem
612 2429 744 2528 capella
771 2427 856 2502 exiit
892 2426 950 2502 sed
988 2425 1141 2501 oracioni

137 2541 264 2615 allrdue
306 2540 461 2614 intendit
503 2529 683 2640 perficiem
725 2542 824 2641 quod
872 2539 1037 2618 dominus
1080 2539 1140 2613 ait.

139 2654 235 2736 Quia
252 2651 404 2750 oporter³
420 2655 557 2751 semper
588 2679 692 2727 orare
708 2670 741 2728 et
764 2679 830 2727 non
848 2654 992 2745 deficere.
1044 2655 1142 2731 Ante

139 2765 260 2838 oculos
277 2762 356 2839 suos
373 2762 506 2862 semper
518 2791 675 2864 pannum
687 2766 899 2864 pendentem
910 2764 1032 2839 habuit
1051 2822 1060 2841 .
1078 2765 1142 2867 qui

138 2896 253 2951 totam
288 2875 360 2952 fere
391 2875 512 2951 faciem
541 2877 679 2951 velabat
712 2878 762 2952 ita
796 2879 894 2979 quod
927 2877 1143 2980 longiuscule

140 2989 256 3064 iturus
272 2988 426 3064 ductoris
443 3015 550 3063 manu
563 2988 756 3091 indigebat.
809 2992 929 3087 Quare
942 3008 1061 3065 autern
1074 2991 1142 3065 hoc

139 3101 260 3178 fecerit
292 3157 300 3174 .
330 3100 484 3175 minister
510 3101 586 3202 ejus
615 3102 834 3202 ignorabat.
866 3101 923 3176 sed
954 3100 1047 3181 forte
1075 3104 1144 3177 hoc

140 3214 265 3313 agebat
310 3240 354 3287 ne
398 3214 521 3287 vultus
553 3213 675 3288 desecti
718 3214 920 3294 cicatricum
961 3232 1143 3314 appareret

141 3325 314 3400 obduccio
333 3383 341 3399 .
361 3327 417 3399 vel
445 3352 490 3399 ne
516 3327 562 3400 ad
586 3351 647 3400 cor
672 3326 748 3426 ejus
765 3344 899 3426 pateret
915 3327 1033 3402 aditus
1050 3327 1144 3403 secu-

141 3438 273 3512 laribus
290 3438 505 3513 vanitatibus
529 3440 617 3513 dum
643 3439 754 3513 oculis
783 3439 869 3514 liber
897 3441 1145 3516 concederetur

141 3552 292 3652 egressus
308 3552 365 3626 vel
383 3579 427 3629 ne
445 3551 487 3625 ab
505 3551 681 3653 aliquibus
697 3553 760 3653 qui
777 3579 860 3627 eum
871 3553 968 3653 prius
984 3554 1144 3630 viderant

143 3664 310 3739 veraciter
340 3663 584 3766 agnosceretur
612 3683 648 3741 et
684 3665 728 3740 ab
763 3665 968 3743 hominibus
1001 3693 1148 3741 venera·

140 3795 248 3851 retur.

183 3932 194 3971 ¹
217 3934 308 3996 HM.
318 3958 329 4005 ς
350 3934 616 4076 caerueterio,⁸GI:uc
643 4016 709 4077 miii
726 3934 749 4074 ἰ
761 3936 870 4007 H.M.;
890 3936 1051 4015 projiceret,
1066 3935 1104 3996 G.

633 4133 658 4180 H
