3000 5152
284 152 287 157 ,
378 78 430 159 2⁶
594 16 749 160 rra
779 50 942 161 mardi
968 81 1095 190 Regis.
1223 46 1226 51 ⁴

370 295 525 397 justicie:
553 297 658 370 Cruci
688 296 880 372 consecrata
908 299 1062 373 donavit.
1115 301 1280 398 Quorum
1306 315 1380 372 tam

375 410 496 483 multis
520 410 557 482 in
582 410 684 484 rebus
706 410 894 484 mobilibus
919 412 968 484 illi
995 411 1135 485 sublatis
1159 437 1381 512 quecumque

314 586 316 590 Α
375 523 556 597 interris.
575 524 733 597 etvillis1
762 525 828 598 srve
853 526 996 600 ecclesus
1021 525 1161 626 aliisque
1186 524 1382 600 redditibus

374 637 454 710 loco
487 637 666 738 assignavit
695 637 861 712 haetenus
885 639 953 712 sine
982 639 1220 716 diminucione
1253 663 1382 739 magna

329 848 331 852 Α
375 778 448 826 non
474 767 627 825 attamen
655 747 723 825 sine
748 752 843 826 nulla
869 769 910 826 ut
938 752 1067 828 dicitur
1096 752 1262 851 possrdere
1281 752 1381 827 vide-

374 882 444 940 tur.
488 865 625 939 Statum
651 890 735 939 vero
762 865 897 941 ecclesie
920 866 1189 951 Walthamensrs
1203 890 1276 966 per
1298 866 1380 941 dive

372 979 626 1074 recordacionis
642 1003 761 1079 regem
787 977 991 1053 Henricum‘
1014 977 1203 1054 secundum
1226 978 1263 1052 in
1286 979 1380 1078 opti-
1404 968 1405 972 ¹

357 1118 474 1167 mum
508 1090 632 1165 nostris
660 1093 769 1166 modo
802 1091 1020 1191 temporibus
1051 1093 1202 1193 gradum
1219 1093 1381 1166 videmus

373 1204 631 1290 reformatuml
680 1205 849 1280 Canonici
883 1231 1035 1306 namque
1051 1203 1131 1289 ‚sub
1165 1206 1278 1306 rigida
1302 1248 1316 1281 ·.
1343 1224 1379 1280 et

307 1400 310 1407 ,
374 1319 615 1419 disciplinabili
667 1308 805 1418 regula
837 1318 1061 1393 ecclesiasticis
1110 1319 1265 1393 excubiis
1316 1344 1406 1420 per,

375 1433 580 1509 Haroldum
617 1431 806 1531 mancipati
839 1433 885 1507 ad
918 1429 1079 1506 secularia
1112 1430 1231 1506 sensim
1264 1437 1379 1515 tradtu

296 1542 298 1546 ’
355 1563 358 1566 ’
374 1546 542 1645 temporis
552 1546 631 1645 plus
643 1571 737 1646 equo
749 1540 906 1637 devoluti
923 1543 1017 1619 sacro
1029 1546 1152 1620 canoni
1166 1546 1379 1646 pretulerant
1402 1632 1405 1636 .

293 1741 296 1747 ,
375 1659 565 1733 vanitatem
577 1656 691 1748 seculi.
728 1659 871 1732 Nomen
881 1658 975 1734 enim
987 1659 1161 1733 trahentes
1173 1662 1217 1734 de
1227 1677 1398 1761 utroque,

376 1771 490 1846 seculo
521 1773 682 1847 videlicet
709 1788 745 1846 et
778 1797 929 1847 canones
956 1770 1114 1871 perverso
1147 1774 1269 1848 ordine
1302 1799 1377 1847 rem

376 1885 528 1978 nominis
560 1884 795 1961 dimidiavere.
847 1885 1061 1961 Secundum⁸
1095 1912 1247 1986 namque
1280 1884 1381 1985 spiri-

274 2012 277 2017 ’
374 2014 488 2073 tantes
504 2014 539 2071 et
558 2024 725 2073 canonem
752 1996 948 2099 spernentes
967 2055 975 2072 .
994 1998 1101 2100 hujus
1127 1997 1209 2073 scita
1233 2015 1269 2073 et
1286 1999 1379 2073 illius

375 2112 645 2187 oblectamenta:
671 2112 768 2186 lance
792 2110 963 2185 librabant
990 2112 1108 2186 minus
1132 2138 1222 2213 equa
1250 2170 1258 2186 .
1283 2105 1379 2187 unde
1440 2149 1442 2153 ·

375 2224 578 2326 posthabitis
611 2223 739 2300 divinis
772 2224 892 2298 officiis
925 2222 1163 2324 spaciabantur
1197 2226 1234 2299 in
1267 2225 1381 2299 triviis

375 2337 519 2415 mundi:
545 2337 675 2439 quibus
707 2336 913 2413 versandum
947 2354 1020 2413 erat
1053 2340 1090 2413 in
1124 2339 1219 2413 atriis
1251 2341 1380 2415 domus

376 2452 534 2527 Domini.
587 2451 729 2550 Quibus
744 2442 897 2526 demum¹
912 2451 972 2551 pio
998 2453 1088 2552 regis
1108 2451 1184 2553 jam
1202 2450 1283 2528 dieti
1300 2452 1380 2526 zelo

376 2566 457 2645 inde
501 2565 628 2639 amotis
671 2564 887 2665 regularibus
931 2565 1106 2639 canonicis
1146 2566 1244 2640 locus
1285 2564 1379 2640 idem

376 2680 539 2754 nobiliter
562 2678 754 2779 insignitur.
806 2677 881 2776 Qui
898 2679 1013 2753 Greco
1030 2679 1117 2753 bene
1134 2680 1257 2755 canoni
1275 2705 1381 2780 regu-
1426 2668 1428 2673 ¹

269 2838 273 2843 -
375 2792 445 2866 lam
467 2791 658 2893 jungentes
686 2790 849 2865 Latinam
878 2848 887 2865 .
916 2791 958 2865 src
983 2793 1122 2893 gemine
1149 2793 1246 2866 vocis
1269 2809 1305 2866 et
1331 2793 1380 2867 rei

375 2905 536 3005 simplicis
558 2905 727 2979 virtutem
750 2905 904 2980 vivendo
926 2904 1090 2979 teneunt⁴
1105 2927 1117 2980 ’.
1135 2907 1234 3006 quod
1260 2906 1381 2980 Grecis

369 3016 451 3119 jure
481 3035 517 3093 et
548 3018 686 3093 Latinis
708 3019 860 3095 maxime
877 3019 1095 3094 veneracioni
1117 3018 1184 3093 elle
1200 3019 1377 3094 deberent.

375 3131 647 3207 HosHenricus
656 3132 800 3207 officinis
812 3132 1027 3234 regularibus
1038 3133 1266 3207 venustissime
1275 3135 1382 3209 deco-

374 3245 479 3347 ravit:
506 3244 555 3320 set
572 3245 758 3322 Haroldus
766 3246 976 3323 redditibus⁶
993 3245 1182 3321 necessariis
1194 3247 1380 3348 gratillime

415 3420 490 3483 ιΗ.
502 3447 512 3494 ;
532 3437 562 3482 et
575 3424 657 3496 villis
671 3424 801 3498 omitted,
817 3425 904 3485 ΜΕ.

414 3500 428 3542 ⁸
448 3504 524 3564 Thia
544 3505 652 3584 passage
675 3507 780 3586 clearly
798 3506 932 3566 indicatea
954 3506 1016 3566 that
1037 3507 1087 3566 the
1109 3506 1221 3586 present
1242 3519 1304 3565 text
1324 3525 1380 3566 'aa

374 3586 487 3647 written
501 3587 575 3646 after
587 3587 637 3646 the
651 3587 737 3647 death
752 3589 788 3648 os
796 3588 875 3665 King
888 3588 992 3666 Henry
1006 3587 1056 3660 ΙΙ.,
1071 3585 1177 3666 61:117,
1192 3608 1248 3648 ab.
1266 3589 1352 3665 1189.

377 3666 679 3820 &zupplcnblgzgpdffi
701 3669 745 3729 for
759 3669 857 3739 Sclrii;
877 3670 946 3727 with
968 3689 983 3727 a
1004 3669 1138 3746 marginal
1160 3684 1226 3728 note
1242 3668 1379 3737 Sensum,-

416 3829 430 3868 ⁴
451 3828 560 3902 M.G.;
581 3845 688 3903 tenent,
703 3830 743 3891 G.
866 3830 879 3871 ⁶
900 3830 1012 3903 H.M.;
1033 3832 1177 3904 reditibus,
1195 3831 1236 3892 G.
