2978 5136
403 288 493 370 Vita
523 229 688 371 Haroldi
712 290 839 399 Regis.
1069 315 1120 395 29
1272 327 1277 337 ·

111 492 292 596 numquid
321 495 366 570 ad
393 493 583 594 perniciem
613 495 669 570 vel
699 496 744 570 ad
772 493 1004 594 infipienciam
1037 491 1121 567 srbi?

112 607 218 683 Num
233 607 304 682 hoc
327 605 504 682 sustinebit
521 633 647 682 manus
667 605 725 680 illa
742 608 834 708 regis
851 606 1005 682 crucifixi
1025 663 1034 680 .
1053 631 1123 706 qua

112 719 357 795 obstetr'icante
397 721 547 822 egressus
586 720 634 795 est
675 721 817 796 coluber
851 720 1048 795 tortuosus?
1077 720 1124 792 'ea

113 833 261 936 quidem
288 833 513 933 permittente
539 834 658 935 tetigit
688 834 758 909 offa
784 834 861 936 ejus
890 891 898 908 .
928 851 964 908 et
994 832 1125 934 smgula

114 945 189 1025 fere
213 945 372 1022 membra
395 945 528 1023 hostilis
547 945 706 1022 framea.
725 973 1024 1049 carnemquoque
1049 944 1126 1045 ejus

116 1059 271 1162 graviter
281 1059 488 1135 vulneravit.
531 1058 839 1161 Hacdispensante
849 1061 913 1134 hac
923 1059 1127 1135 mirabiliter

115 1170 322 1274 disponente
347 1173 412 1248 hec
437 1173 558 1248 omnia
581 1172 645 1249 suo
670 1200 816 1250 evenere
841 1174 1008 1250 Haroldo
1032 1188 1072 1246 ut
1089 1171 1126 1245 in

118 1303 242 1363 ventre
275 1287 478 1388 pregnantis
504 1287 638 1362 ecclesie
672 1288 825 1362 hominis
858 1304 939 1362 ante
969 1303 1128 1387 tempora

118 1389 282 1476 secularia
315 1400 511 1502 precogniti
544 1416 581 1476 et
614 1399 684 1476 suis
717 1401 935 1503 temporibus
968 1427 1031 1501 per
1064 1399 1128 1474 hec

119 1513 240 1589 omnia
250 1515 332 1588 Deo
348 1511 511 1588 nascituri
528 1531 563 1588 et
574 1511 719 1614 perfecie
737 1514 918 1613 placituri:
945 1512 1014 1588 ossa
1030 1536 1129 1587 com-

119 1627 358 1729 pingerentur.
412 1627 614 1728 Conceptus
639 1653 791 1727 namque
811 1654 873 1728 per
897 1626 1126 1703 devocionem

119 1739 311 1817 secundum
325 1740 526 1817 interiorem
544 1742 723 1818 hominem
740 1745 820 1817 Deo
839 1799 847 1816 .
866 1742 934 1817 hiis
954 1737 1128 1816 exerciciis
1139 1753 1156 1802 s·
1168 1752 1234 1814 ab'

118 1853 289 1931 crescebat
318 1872 354 1929 et
380 1855 673 1956 augmentabatur
701 1854 916 1931 formabatur
943 1872 978 1930 et
1005 1855 1130 1931 solida-

120 1968 245 2044 botru:
272 1984 314 2042 ut
343 1969 489 2045 demum
519 1969 556 2044 in
583 1968 817 2070 pastoricium
840 1969 1039 2073 egrediente
1066 1995 1128 2070 pre

114 2082 244 2168 dolore
269 2082 429 2158 Rachelis
455 2082 571 2159 anirna
593 2081 776 2184 susciperet
803 2084 840 2158 in
869 2110 912 2158 eo
937 2083 1046 2180 Jacob
1064 2107 1130 2182 pro

120 2195 281 2271 Beunoni
288 2194 312 2271 :¹
327 2194 522 2297 Bcnjamin.
576 2198 651 2295 Qui
663 2198 759 2273 enim
777 2198 881 2272 matri
899 2195 957 2272 suc
969 2196 1131 2272 videlicet
1161 2228 1180 2271 “.

120 2308 276 2411 angelice
291 2309 425 2386 doloris
441 2327 477 2384 et
494 2311 618 2386 mortis
634 2311 727 2385 filius
739 2309 832 2385 visus
848 2310 896 2385 est
915 2368 922 2384 .
941 2310 1032 2411 patri
1049 2311 1130 2384 Deo
1177 2375 1179 2380 .

120 2423 185 2523 qui
214 2410 389 2523 populum
414 2441 533 2499 mente
563 2422 752 2524 superbum
782 2423 926 2499 crimine
952 2421 1130 2523 hispidum

121 2535 288 2637 variaque
301 2535 502 2636 prodicione
513 2555 699 2613 cruentum
712 2537 779 2611 hoc
792 2555 921 2612 eventu
931 2539 1130 2613 decreverat

122 2646 440 2750 supplantandum:
466 2650 558 2725 filius
573 2650 731 2726 dextere²
763 2650 852 2725 mira
869 2649 972 2752 ipsius
988 2675 1131 2750 permu-

122 2762 259 2839 tacione
272 2762 423 2838 effeetus.
476 2765 611 2838 Verum
628 2764 712 2865 quia
729 2763 860 2865 ubique
877 2762 946 2838 fere
959 2781 1130 2837 terrarum

124 2875 251 2952 celebri
291 2863 454 2951 'sermone
501 2878 688 2979 vulgatum
738 2877 786 2952 est
828 2878 1130 2978 quemadmodum

124 2990 303 3066 Erlwndo
319 2987 523 3064 sanniffimo
553 2992 599 3066 ad
623 2989 741 3065 celeste
767 2991 929 3065 transsato
957 2990 994 3064 in
1020 3015 1132 3090 regno

124 3119 266 3178 terreno
281 3101 470 3178 successerit
482 3103 666 3178 Haroldus
676 3103 826 3204 qualiter
842 3101 998 3205 ejusdem
1015 3101 1132 3178 favore

125 3217 172 3292 dc
197 3215 419 3318 Norwagicis
447 3215 717 3316 triumphaverit
744 3243 922 3318 quamque
950 3215 1133 3318 magnani-

45 3392 52 3401 .
126 3329 230 3405 miter
255 3355 364 3432 quam
392 3330 481 3405 celer
507 3347 543 3404 et
569 3330 760 3430 imparatus
787 3357 849 3430 pre
872 3329 980 3405 nimia
1006 3329 1134 3406 mentis

127 3442 321 3519 constancia
342 3442 666 3545 supervenientibus
683 3444 901 3521 Normannis
918 3443 1105 3519 occurrerit
1122 3500 1132 3518 .

130 3583 169 3633 ac
184 3558 265 3633 ceso
290 3555 389 3633 sociis
414 3556 485 3657 ipse
510 3583 654 3659 quoque
681 3558 718 3631 in
745 3557 839 3632 hoste
864 3557 1044 3633 ceciderit:
1070 3582 1135 3631 noo

129 3697 200 3773 que
217 3670 295 3773 post
310 3672 374 3747 hec
391 3698 455 3772 per
479 3697 563 3747 eum
586 3671 757 3747 divinitus
782 3697 822 3745 ac
840 3670 930 3746 circa
946 3697 1028 3746 eum
1045 3668 1136 3744 fasta

130 3783 312 3887 plerosque
353 3787 460 3860 latere
502 3785 755 3888 cognovimus:
798 3784 957 3859 Domino
999 3782 1136 3859 favente

374 3933 385 3974 ¹
406 3937 443 3996 In
456 3937 604 3999 reference
618 3951 648 3996 to
662 3936 737 3998 Gen
754 3956 839 3999 xxxv.
859 3939 903 3998 18.

374 4017 388 4056 ³
409 4018 448 4078 H.
454 4018 520 4089 M.;
540 4018 657 4091 dextrae,
672 4017 710 4079 G.
