2978 5136
369 167 423 273 48
654 165 745 246 Vita
773 160 939 245 Haroldi
962 161 1090 279 Regis.

369 375 516 451 fidenter
534 375 691 474 prolatus
703 374 747 449 ad
761 371 917 472 apostolo
930 388 1009 446 tuo.
1046 368 1238 444 “Scimus'’
1256 367 1374 468 inquit

369 486 569 589 “quoniam
580 485 828 587 diligentibus1
847 487 984 559 Deum:
1007 481 1126 558 omnia
1142 499 1375 583 cooperantur

370 600 408 675 in
425 600 592 675 bonum.‘’
627 599 856 674 Benedidum
873 599 913 673 stt
926 623 1007 672 cum
1020 613 1120 698 patre
1136 612 1301 672 coeterno
1315 654 1324 670 .
1338 613 1374 671 ct

367 714 500 813 Spiritu
517 739 626 789 coevo
643 739 771 788 nomen
798 712 907 814 glorie
930 728 991 787 tue
1013 710 1165 786 sanctum
1183 767 1192 784 .
1210 710 1273 812 qui
1292 735 1373 784 cum

367 827 475 903 iratus
492 826 599 903 fueris
622 826 890 902 misericordiam
907 823 991 899 facis
1007 842 1042 900 et
1059 842 1102 901 ut
1118 823 1230 900 afferit
1247 823 1374 899 mulier

368 939 499 1017 sancta:
535 943 653 1017 omnia
680 958 820 1041 peccata
853 939 1040 1015 hominum
1074 938 1112 1014 in
1141 937 1372 1014 tribulacione

366 1052 528 1129 dimittis.
564 1056 613 1130 Et
626 1054 771 1155 quidem
784 1053 902 1128 omnia
919 1053 981 1126 hec
993 1079 1075 1127 vera
1091 1050 1157 1127 effe
1169 1069 1205 1126 et
1223 1050 1259 1126 in
1277 1053 1372 1126 hunc

367 1169 515 1245 modum
543 1168 726 1242 innumera
744 1225 753 1240 .
772 1193 842 1269 que
859 1168 979 1267 paffim
1006 1168 1172 1267 leguntur
1198 1164 1235 1238 in
1262 1164 1372 1239 literis

370 1280 470 1356 sacris
487 1282 532 1357 de
554 1299 590 1356 te
607 1280 708 1381 super
735 1280 802 1356 hiis
819 1307 888 1381 que
906 1279 1041 1380 perficis
1068 1295 1103 1353 et
1125 1278 1267 1353 exhibes
1289 1277 1372 1352 dili-

331 1454 334 1461 .
368 1395 532 1497 gentibus
561 1412 597 1470 te
627 1394 663 1468 in
694 1421 767 1470 uno
791 1392 1048 1470 demonstrasti2
1072 1410 1136 1468 tuo
1153 1394 1221 1467 hoc
1243 1391 1372 1467 dilecto

368 1508 542 1584 dilectore.
585 1511 705 1607 Quam
722 1508 864 1584 evidens
882 1507 982 1583 nobis
998 1525 1244 1609 argumentum
1262 1533 1371 1607 quam

213 1633 229 1681 1·
242 1648 276 1682 ¹2·
289 1635 313 1684 b·
368 1623 590 1722 prelucidum
614 1623 653 1696 in
676 1649 749 1697 uno
766 1621 910 1697 homine
938 1621 1002 1696 isto
1019 1620 1196 1696 suavitatis
1218 1621 1317 1695 fimul
1334 1638 1370 1696 et

368 1734 589 1811 fortitudinis
623 1753 683 1811 tue
714 1733 890 1835 speculum
921 1734 1104 1810 condidisti
1135 1736 1170 1808 Ο
1205 1732 1371 1834 sapientia

368 1874 438 1950 que
465 1877 508 1925 ex
538 1875 597 1923 ore
626 1849 794 1924 Altiffimi
829 1848 1009 1950 prodidisti
1042 1848 1219 1949 attingens
1252 1874 1272 1921 a
1302 1848 1371 1923 fine

369 1963 477 2064 usque
490 1965 535 2039 ad
552 1963 657 2037 finem
674 1962 815 2037 fortiter
826 1980 862 2038 et
874 1961 1060 2064 disponens
1076 1961 1195 2037 omnia
1211 1960 1369 2037 suaviter.

367 2077 429 2153 Ab
455 2076 522 2151 hiis
549 2075 706 2151 fontibus
731 2074 909 2151 suavitatis
934 2093 969 2150 et
991 2074 1206 2151 fortitudinis
1228 2075 1279 2148 illi
1296 2076 1371 2150 duo

367 2191 433 2265 rivi
451 2193 646 2292 procedunt
663 2189 773 2292 gratie
790 2207 826 2264 et
852 2189 1040 2266 severitatis
1056 2189 1114 2265 seu
1132 2189 1318 2265 clemencie
1335 2207 1371 2263 et

366 2302 591 2380 districtionis
608 2303 737 2404 quibus
758 2303 913 2378 debriata
941 2301 1134 2402 superficies
1159 2320 1248 2376 terre
1276 2301 1372 2377 sanc-

367 2434 487 2493 torum
504 2415 833 2492 eversrs'zizanniis8
851 2416 964 2492 semen
983 2417 1146 2517 producit
1160 2416 1196 2491 in
1215 2416 1370 2491 frustum

368 2531 441 2606 vite
468 2549 595 2606 eterne.
648 2533 791 2629 Quanto
820 2533 914 2607 enim
949 2530 1139 2607 serenitatis
1174 2531 1302 2631 pariter
1335 2549 1370 2607 et

367 2643 476 2744 gratie
493 2643 562 2718 fuit
574 2645 673 2745 quod
690 2644 773 2718 ficut
786 2645 890 2719 multi
904 2662 1031 2746 putant
1044 2662 1187 2745 propter
1204 2644 1371 2745 iniquita-

366 2774 439 2831 tem
466 2757 656 2859 corripuisti
685 2757 830 2858 quidem
858 2757 976 2834 sedin
1001 2776 1161 2834 eternum
1187 2785 1258 2833 non
1288 2783 1371 2858 pro-

361 2870 471 2971 jecisti
506 2870 686 2945 hominem
721 2870 824 2945 istum
860 2930 868 2946 .
905 2871 1094 2973 corripiens
1127 2889 1163 2946 et
1193 2871 1370 2972 corrigens

368 2983 632 3084 caucioremque
649 2983 708 3057 fibi
728 3041 736 3059 .
755 2984 820 3059 tibi
838 2985 1060 3061 devotiorem
1077 3013 1120 3060 ex
1137 2982 1208 3085 ipsa
1225 3010 1370 3084 quoque

301 3145 306 3155 ·
368 3097 554 3199 iniquitate
570 3096 736 3171 exhibens
753 3124 845 3173 eum.
882 3101 1025 3196 Quanta
1043 3098 1208 3174 suavitate
1221 3115 1370 3198 quanta-

367 3238 438 3313 que
465 3210 670 3287 fortitudine
696 3210 776 3286 usus
803 3239 840 3286 es
865 3211 953 3286 circa
982 3239 1064 3287 eum
1091 3229 1165 3287 tam
1187 3211 1301 3286 valide
1323 3212 1369 3287 de

368 3328 474 3399 manu
491 3324 616 3399 mortis
633 3325 781 3424 eripiens
798 3323 899 3399 illum
912 3325 1020 3400 vitam
1039 3325 1194 3426 corporis
1210 3325 1288 3426 ejus
1306 3351 1368 3398 nec

361 3438 486 3540 jaculis
499 3465 562 3512 nec
575 3437 700 3539 gladiis
713 3438 773 3512 fibi
788 3439 992 3538 permittens
1003 3437 1129 3514 auferri
1145 3438 1272 3513 vitam
1284 3464 1369 3512 vero

366 3551 481 3627 anime
501 3550 623 3627 etiam4
641 3569 782 3651 peccato
807 3569 848 3627 ut
865 3552 993 3627 dicitur
1010 3553 1161 3628 ablatam
1187 3552 1369 3629 restituens

367 3684 401 3741 et
418 3665 611 3741 reformans
626 3666 682 3741 ei?
735 3666 835 3754 Hinc
852 3684 887 3742 et
914 3667 1017 3768 ipsius
1043 3667 1210 3769 injusticia
1227 3670 1369 3743 inventa

407 3823 419 3862 ¹
444 3823 525 3883 Rom.
539 3824 595 3883 viii.
611 3826 658 3882 28.
902 3820 915 3860 ²
937 3822 996 3894 H.;
1017 3821 1207 3890 demonstrati,
1222 3823 1261 3882 G.

407 3903 696 3977 ⁸H.;zizaniis,G.
902 3903 1111 3976 4Ι·Ῑ.;οῐ,(ἷ.
