2978 5136
279 377 282 382 ,
395 284 485 365 Vita
515 284 682 367 Haroldi
705 286 835 395 Regis.
1068 313 1113 395 31

107 518 184 566 non
201 509 347 569 noverat
359 496 543 572 auditurus
561 488 569 571 ζ
588 515 624 570 et
641 496 886 573 tribulaciones
900 522 964 596 pro
982 495 1119 570 Christo

107 632 182 680 non
199 608 355 683 modicas
372 634 454 684 cum
470 610 601 711 gaudio
626 608 801 685 subiturus
820 667 827 683 .
847 610 1119 709 alienigenarum
1222 634 1225 639 ·

107 719 196 795 fines
208 721 415 823 ingreditur.
469 723 647 798 Postremo
658 724 734 797 voti
749 722 959 797 saluberrimi
974 748 1119 822 compos
1189 806 1192 811 ¹

107 831 253 911 effeetus
285 834 362 935 post
396 835 511 911 varios
549 856 640 936 quos
678 862 878 911 enumerare
913 861 985 911 non
1019 852 1119 910 vacat

108 945 276 1022 circuitus
291 949 337 1024 ad
354 949 507 1049 patrium
532 965 572 1024 ut
590 950 775 1025 Haroldus
792 949 903 1024 solum
920 948 1116 1024 revertitur.

109 1059 281 1137 Reversus
308 1061 458 1138 veroin
487 1064 570 1139 villa
599 1065 752 1164 quadarn
780 1063 946 1138 territorii
975 1065 1118 1138 Oxene-
1131 1091 1310 1156 nomm

107 1171 273 1251 fordensis
321 1156 504 1252 Stantona¹
554 1177 697 1252 nomine
739 1175 805 1251 sese
854 1175 1115 1276 permansurum
1129 1151 1322 1262 iidiidiim

108 1289 240 1390 recepit
258 1347 267 1364 .
287 1307 483 1392 receptiun:
510 1291 656 1366 inclusit
709 1289 864 1366 Inclusus
880 1289 1051 1392 plerisque
1068 1290 1115 1365 ob
1128 1270 1297 1383 2³⁸⁰&

84 1400 232 1497 ‘scelera
256 1404 374 1479 clausis
398 1422 435 1480 et
458 1405 677 1481 incarceratis
701 1405 921 1480 austeriorem
947 1404 1054 1505 usque
1071 1402 1116 1480 ad

107 1532 261 1611 mortem
293 1518 404 1592 vitam
437 1519 550 1595 duxit.
602 1519 704 1595 Hinc
734 1517 897 1619 religiosis
921 1515 1116 1619 quibusque

108 1630 315 1708 venerabilis
331 1633 472 1709 effectus
488 1651 524 1709 et
542 1659 654 1708 carus:
672 1660 693 1707 a
710 1633 831 1709 multis
846 1633 962 1734 gracia
978 1632 1117 1708 edifica-

109 1744 220 1820 cionis
235 1763 377 1823 mutue:
402 1747 531 1850 requiri
550 1745 678 1822 solebat
694 1762 729 1823 et
746 1748 975 1823 desideranter
991 1747 1089 1822 adiri.

161 1860 366 1934 innotuerat
388 1861 483 1935 enim
508 1861 746 1937 devotissimus
762 1864 842 1935 Deo
858 1859 1118 1936 distrieiffinus

109 1972 170 2047 sibi
200 1972 348 2046 affabilis
375 1975 509 2049 cunctis
527 2032 535 2048 .
555 1975 730 2050 beneficus
755 1975 901 2067 multis;
928 1972 1117 2047 benevolus

109 2087 285 2163 universis.
331 2087 399 2162 Per
415 2088 479 2162 hec
492 2104 527 2162 et
555 2086 754 2189 hujusmodi
777 2087 903 2162 Christi
921 2087 1137 2186 cuicunque

108 2199 225 2275 bonus
247 2200 336 2275 odor
359 2199 499 2276 effeetus
532 2201 631 2276 cum²
655 2203 693 2277 in
716 2202 824 2277 odore
854 2217 1117 2302 unguentorum

109 2313 184 2416 ejus
210 2314 326 2389 cuncti
343 2315 588 2391 traherentur.
607 2342 664 2391 me
694 2341 776 2391 cum
803 2315 925 2389 ceteris
949 2331 1117 2414 tanquam

110 2429 274 2528 pusillum
308 2454 389 2504 cuin
423 2428 614 2531 majoribus
652 2430 750 2503 simul
790 2430 905 2529 rapuit
942 2485 950 2501 .
986 2426 1116 2526 sibique

109 2543 237 2618 arctius
253 2542 396 2617 vinculo
420 2544 619 2619 dileccionis
644 2544 810 2619 astrinxit.
860 2545 979 2641 Quem
1002 2540 1116 2617 adhuc

108 2682 194 2731 vero
220 2672 320 2732 tener
350 2713 359 2732 .
388 2657 565 2759 religionis
595 2657 798 2758 professione
825 2656 972 2731 tenellus
1000 2712 1008 2728 .
1035 2680 1116 2729 cuin

107 2794 172 2870 per
204 2769 443 2846 internuncios
481 2771 668 2874 utrobique
703 2773 878 2874 graviores
912 2769 1116 2844 creberrime

107 2887 345 2989 aliquociens⁸
372 2914 434 2990 per
466 2888 710 2989 memetipsum
738 2888 918 2963 visitassem
928 2886 956 2962 :⁴
990 2888 1035 2963 ad
1061 2886 1117 2961 in-

107 3001 198 3076 tima
214 3004 360 3078 demum
385 3001 625 3078 familiaritatis
643 3001 783 3077 sacraria
800 3001 844 3077 ab
862 2999 936 3103 ipso
953 3000 1117 3076 admissus

109 3112 197 3189 sum.
251 3117 294 3190 lii
311 3142 385 3220 quo
406 3119 549 3193 tandem
575 3116 674 3191 annis
693 3117 770 3218 jam
788 3114 1012 3217 proveccior⁶
1029 3115 1116 3190 adeo

109 3226 261 3329 profecit
288 3247 330 3305 ut
355 3229 469 3305 secum
491 3233 536 3307 de
553 3231 727 3306 interioris
750 3230 902 3305 hominis
927 3228 1015 3303 statu
1032 3252 1117 3302 con·

109 3340 235 3418 serenti
266 3401 274 3418 .
301 3343 362 3418 vix
392 3345 573 3446 quippiam
605 3343 744 3419 suorum
774 3344 881 3418 michi
909 3342 1116 3417 secretorum

112 3457 211 3556 quod
228 3456 464 3532 instruccionis
488 3484 565 3533 mee
589 3459 771 3559 negotium
787 3472 981 3558 expeteret:
1008 3455 1117 3530 celare

152 3616 164 3658 ¹
186 3621 305 3680 stanton
320 3620 472 3694 Herconrt,
486 3621 573 3681 about
585 3621 639 3680 five
654 3621 735 3682 miles
748 3621 822 3682 from
835 3619 963 3701 Witney,
978 3619 1015 3681 G.

150 3697 275 3844 :lim
287 3726 297 3773 ς
316 3702 471 3843 :lliuss’fiG'
484 3703 571 3844 3Gand
586 3701 615 3761 so
628 3704 734 3783 always

150 3861 165 3902 ⁴
184 3862 262 3923 Note
277 3826 307 3924 iii
327 3805 376 3924 ehi
391 3804 500 3942 ndigin
516 3828 557 3925 bs
573 3867 623 3925 the
640 3866 705 3927 Ms.
722 3890 730 3926 r
753 3866 888 3925 “Auctor
901 3862 1020 3943 present
1034 3863 1115 3937 fuir,”

111 3942 142 4003 in
154 3964 171 4003 a
183 3945 372 4024 hrndwriting
385 3948 421 4006 os
430 3948 479 4006 the
495 3948 657 4008 fourteenth
672 3963 798 4026 century.
922 3974 926 3985 ·

152 4024 166 4066 ⁸
185 4025 295 4098 H.M.;
316 4030 482 4107 provectior,
497 4027 537 4088 G.
