3000 5152
391 303 482 385 Vita
510 301 675 385 Haroldi
699 304 827 414 Regis.
1057 328 1106 413 23

105 509 218 584 crucis
244 511 421 585 adorande
441 512 517 585 duo
543 528 685 585 tantum
702 511 816 586 clerici
842 529 917 586 tam
944 510 1109 587 brevibus

106 623 284 721 stipendiis
317 648 425 722 quam
459 624 559 698 tectis
593 626 751 699 contenti
787 624 981 699 humilibus
1011 625 1109 698 vide·

104 734 235 810 bantur
251 735 426 810 inservire.
477 740 532 811 At
549 736 604 811 vir
621 739 828 839 magnificus
851 740 970 812 locum
986 755 1022 811 et
1040 736 1108 812 loci

105 848 244 924 cultum
278 849 495 924 omnimodis
528 851 673 950 cupiens
707 877 789 925 cum
816 851 884 925 suis
914 849 1110 925 cultoribus

105 960 291 1038 sublimare
325 989 454 1039 novam
480 963 529 1038 ibi
557 964 728 1041 basilicam
753 965 921 1040 fabricare
953 1023 961 1041 .
990 964 1112 1039 minis-

104 1092 244 1151 trorum
288 1103 415 1179 augere
459 1103 648 1152 numerum
690 1079 938 1181 redditusque¹
985 1104 1110 1154 eorum

106 1189 277 1291 proponit
308 1190 504 1291 ampliare.
575 1192 702 1292 thue
725 1193 971 1268 ‘celebriorem
1017 1192 1111 1267 sama

106 1302 329 1380 illustriorem
346 1303 555 1379 clericorum
570 1303 772 1406 frequencia
790 1364 799 1381 .
817 1306 996 1381 celestibus
1008 1306 1111 1380 nobi-

105 1416 249 1491 litatum
285 1417 489 1492 muneribus
524 1418 645 1492 locum
685 1418 869 1520 terrigenis
910 1420 1109 1496 exhiberet:

105 1529 239 1607 scolaa²
279 1530 411 1606 ibidem
452 1531 584 1606 institui
633 1531 695 1607 sub
744 1533 915 1635 regimine
957 1533 1109 1635 magistri

106 1643 246 1719 Ailardi
284 1642 342 1718 sue
375 1662 417 1718 ut
451 1644 664 1743 prelibatum
700 1646 748 1721 est
786 1645 905 1721 salutis
944 1645 1109 1720 ministri:

105 1756 331 1859 disposicione
348 1755 522 1858 satagebat
540 1758 718 1856 prudenti.
763 1759 841 1834 Nec
854 1760 961 1859 paulo
975 1758 1111 1858 segnius

106 1872 205 1972 quod
222 1887 340 1945 mente
357 1888 563 1971 conceperat
590 1897 709 1946 rerum
736 1872 903 1973 pergebat
930 1872 1111 1948 effectibus

106 1984 290 2083 parturire.
354 1982 541 2079 Jaciuntur
574 1984 735 2060 festinato
764 1987 900 2060 ecclesie
929 1986 1111 2086 amplioris
1235 2082 1238 2087 Ι

106 2096 356 2173 fundamenta.
368 2095 517 2198 surgunt
531 2098 694 2197 parietes.
703 2099 916 2198 columpne⁸
930 2099 1108 2176 sublimes.

107 2211 272 2285 distantes
297 2210 341 2284 ab
364 2210 516 2295 invicem
546 2212 722 2312 parietes.
741 2238 886 2288 arcuum
914 2231 976 2287 aut
1004 2214 1110 2288 testu-

106 2326 233 2400 dinum
253 2324 425 2399 emicidiis
452 2343 580 2401 mutuo
597 2326 811 2401 federantur.
864 2328 1017 2403 Culmen
1043 2328 1113 2401 im-

107 2439 260 2539 positum
294 2437 381 2512 aeris
425 2437 468 2512 ab
502 2439 715 2540 introgressis
748 2440 906 2539 plumbei
940 2439 1111 2542 objective

106 2551 266 2626 laminis:
302 2551 435 2625 variam
469 2549 615 2627 secludit
641 2551 898 2651 intemperiem.
950 2553 1112 2627 Binarius

108 2664 315 2740 clericorum
338 2690 507 2740 numerus
534 2665 661 2740 scilicet
678 2665 835 2742 infamis:
862 2666 899 2740 in
916 2664 1112 2740 misticum⁴

108 2778 246 2855 senatus
261 2778 437 2878 apostolici
456 2779 713 2854 duodenarium
730 2778 973 2855 convalescet.⁶
1025 2781 1113 2855 Pul-

108 2893 278 2967 cherrima
312 2892 481 2966 nimirum
524 2893 663 2967 racione
697 2912 738 2967 ut
779 2894 932 2969 totidem
965 2893 1003 2967 in
1036 2893 1112 2994 ejus

107 3007 245 3106 templo
280 3005 392 3081 sanste
434 3006 546 3080 crucis
582 3007 746 3087 laudibus
785 3007 1025 3107 perhenniter⁶
1057 3008 1113 3082 in-

108 3118 271 3193 servirent
288 3118 430 3220 persone
447 3137 536 3219 quot
553 3121 645 3195 illius
666 3121 814 3221 gloriam
831 3122 967 3196 mundo
983 3121 1139 3220 princi-r.
1152 3142 1174 3189 ε.

108 3234 231 3333 paliter
256 3232 299 3307 ab
325 3224 442 3307 inicio
460 3234 620 3310 homines
636 3235 866 3311 nunciassent.
917 3235 1004 3308 Hiis
1028 3260 1112 3308 vero

107 3348 226 3447 predia
242 3363 278 3437 et
295 3346 510 3447 possessiones
527 3348 620 3423 unde
638 3346 697 3422 srbi
715 3348 760 3422 ad
777 3373 918 3422 omnem
943 3346 1114 3423 sufficien-

108 3462 196 3536 ciam
206 3460 386 3536 necessaria
398 3462 621 3560 provenirent
632 3461 764 3536 liberali
778 3462 1019 3535 munificencia
1029 3486 1114 3535 con-

106 3575 189 3648 tulit
205 3574 300 3675 regia
316 3600 458 3675 quoque
476 3575 683 3649 auctoritate
709 3575 904 3648 confirmari
931 3573 1113 3675 optinuit.⁷

147 3797 159 3839 ¹
179 3799 288 3871 Hm.
308 3799 479 3878 reditusque,
494 3799 534 3860 G.
654 3796 669 3839 ¹
688 3797 797 3871 H.M.;
818 3799 934 3871 scholar,
949 3799 988 3859 G.

146 3878 160 3919 ⁸
180 3878 292 3952 H.M.;
313 3881 462 3953 columne,
476 3880 516 3940 G.
653 3879 667 3919 ⁴
686 3879 798 3951 H.M.;
819 3881 977 3959 mysticum,
992 3881 1031 3940 G.

146 3959 159 4000 ⁸
181 3962 226 4021 M.
239 3986 248 4031 ς
269 3960 445 4032 convalescit,
461 3961 500 4020 G.
512 3987 522 4032 ς
543 3976 597 4022 -tet
610 3959 718 4021 altered
732 3975 763 4020 to
775 3967 835 4033 -er’t,
850 3960 891 4020 H.

145 4040 160 4083 ⁸
179 4042 291 4114 H.M.;
311 4043 482 4122 perenniter,
497 4042 537 4103 G.
655 4042 668 4084 ¹
689 4041 801 4113 H.M.;
822 4043 953 4116 obtinuit,
968 4042 1008 4103 G.
