2978 5136
244 251 293 330 14
521 224 611 305 Vita
638 221 804 306 Haroldi
828 223 955 333 Regis.

237 435 340 536 ipsius
365 436 562 538 genitorem
583 439 638 511 vel
666 453 862 512 ceterorum
882 434 1053 536 quosdam
1077 437 1122 510 de
1149 436 1248 510 illius

237 575 363 651 genere
376 607 384 623 .
397 550 490 623 turn¹
502 550 716 650 prodicionis
726 550 821 624 turn1
836 568 871 626 et
889 550 1039 624 aliorum
1058 567 1143 623 nota
1160 548 1248 623 faci·

237 689 365 737 norum
383 662 588 739 infamatos²
604 665 757 766 graviter
774 663 884 740 fuisse.

288 779 391 856 Ηὶἰε8
407 808 493 858 vero
509 782 611 857 malis
629 840 637 858 .
652 783 847 858 necestitate
857 781 1007 858 cavendi
1025 780 1247 857 imminentis

237 894 358 971 exicii:
388 895 587 972 Godwinus
603 895 636 971 se
648 897 766 998 primo
782 894 969 971 immiscuit
994 895 1122 972 deinde
1149 899 1246 973 ulte-

237 1008 311 1084 rius
336 1027 515 1111 evagatur.
568 1011 718 1086 Tuende
748 1008 917 1109 siquidem
947 1006 1066 1084 salutis
1092 1009 1244 1085 obtentu

237 1123 362 1198 dolum
385 1121 574 1222 temptare⁴
597 1121 797 1223 compulsus
816 1180 824 1196 .
842 1123 930 1198 dum
951 1120 1055 1197 semel
1079 1123 1173 1198 cedit
1198 1125 1244 1198 ad

238 1253 384 1312 votum:
410 1233 592 1311 fraudibus
609 1235 646 1309 in
663 1235 839 1334 posterum
857 1235 1047 1311 minuende
1065 1232 1244 1310 felicitatis

238 1348 374 1424 intuitu
399 1346 564 1423 licencius
592 1348 778 1423 nitebatur.
837 1351 937 1423 Dum
965 1348 1060 1423 enirn
1085 1348 1244 1448 prefatus

187 1479 191 1485 '
225 1489 299 1538 rex
316 1463 424 1538 Dacie
441 1462 603 1538 diadema
619 1461 754 1563 Anglie
778 1460 987 1561 usurpasset:
1014 1480 1241 1564 cerneretque

238 1575 456 1652 Godwinum
479 1574 674 1651 incredibili
696 1573 825 1651 astucia
849 1601 912 1650 nec
942 1574 1070 1650 minori
1097 1575 1242 1653 audacia

238 1689 416 1791 preditum
443 1686 563 1763 sensun
586 1690 632 1763 ad
669 1686 831 1763 sublimia
855 1686 1082 1765 conscendere
1115 1688 1241 1764 timere

237 1802 329 1903 cepit
356 1803 467 1877 homo·
494 1803 648 1876 advena.
667 1800 830 1903 indigene
857 1799 1084 1876 adolescentis
1104 1801 1241 1877 viribus

237 1914 336 1990 limul
355 1931 524 1988 armatam
550 1931 586 1988 et
613 1913 687 1988 astu
714 1913 976 1989 animositatem.
1029 1914 1142 2016 Cujus
1159 1915 1241 1990 licet

237 2027 296 2102 fibi
328 2026 607 2129 pernecessariam
637 2026 673 2101 in
704 2026 827 2105 multis
856 2045 1036 2128 expertam
1070 2021 1239 2103 habuili'e't

234 2140 458 2218 industriam:
483 2140 654 2242 quiddam
671 2159 790 2216 tamen
802 2143 848 2217 de
860 2140 984 2243 spiritu
996 2142 1108 2218 Saulis
1120 2161 1239 2219 mente

234 2254 432 2354 concipiens
477 2271 675 2355 ereptorem
722 2254 823 2330 suum
868 2273 1240 2357 propugnatoremque

234 2367 501 2442 strenuiffimum
513 2368 598 2443 dolo
616 2369 758 2468 perdere
782 2366 951 2469 cogitavit
971 2425 979 2440 .
998 2393 1105 2466 quem
1122 2369 1238 2468 palam

234 2481 432 2581 opprimere
449 2479 510 2555 nili
536 2506 597 2581 per
619 2479 824 2554 invidiosam
851 2479 1024 2555 maliciam
1047 2479 1147 2554 facile
1165 2508 1237 2555 non

234 2593 315 2670 suit.
368 2594 582 2697 Excogitato
611 2593 721 2695 igitur
750 2594 892 2668 consilio
909 2593 1127 2670 Godwinum
1143 2595 1237 2694 quast

234 2730 300 2808 pro
338 2707 456 2784 arduis
493 2707 591 2809 regni
632 2705 813 2807 utriusque
852 2707 1006 2809 negociis
1047 2705 1160 2781 mittit
1199 2707 1236 2782 in

233 2821 379 2898 Daciam
399 2878 407 2896 .
426 2822 497 2895 tale
513 2820 601 2921 quid
620 2819 732 2895 secum
750 2837 868 2896 mente
891 2825 1103 2920 pertraerans
1122 2878 1130 2893 .
1150 2821 1235 2894 Non

234 2937 273 3010 fit
292 2934 484 3036 supereum
497 2958 622 3007 manus
634 2959 710 3007 mea
725 2962 736 3027 3
764 2932 820 3009 scd
838 2935 876 3007 srt
896 2932 1094 3033 supereum
1113 2960 1237 3007 manus

233 3050 413 3123 Dacorum
439 3103 448 3120 .
473 3044 570 3119 cum⁶
588 3045 698 3147 igitur
722 3046 799 3147 jam
828 3046 985 3121 medium
1015 3073 1126 3148 equor
1155 3046 1235 3120 navi

233 3159 493 3262 opulentissimo
514 3158 674 3233 instruera
691 3177 860 3260 apparatu
878 3157 1004 3235 secaret
1019 3189 1030 3253 3
1057 3159 1148 3259 cepit
1167 3159 1237 3235 sus-

233 3274 325 3376 picio
341 3272 485 3376 juvenis
508 3272 667 3346 animum
689 3273 934 3348 vehemencius
956 3274 1127 3349 titillare.
1147 3271 1236 3349 sere-

233 3388 292 3462 bat
310 3410 463 3488 namque
486 3384 633 3486 signatas
659 3385 751 3487 regis
778 3388 886 3462 anulo
914 3387 1048 3462 litteras
1067 3443 1075 3460 .
1094 3385 1236 3487 singulis

233 3500 359 3576 scilicet
389 3499 485 3575 illius
512 3517 603 3574 terre
630 3499 859 3599 optimatibus
888 3502 1038 3602 singulas
1057 3558 1065 3574 .
1084 3527 1236 3600 quarum

273 3633 285 3677 ¹
305 3634 409 3706 H.G.;
431 3648 541 3694 tanturn
556 3676 564 3693 .
580 3676 588 3691 .
602 3677 610 3692 .
625 3647 743 3705 tautum,
759 3634 804 3695 M.

273 3714 287 3755 ²
307 3715 408 3786 M.G.;
418 3717 467 3774 the
477 3714 574 3775 lettera
583 3735 642 3774 ama
650 3714 680 3773 in
690 3715 744 3772 thia
752 3717 829 3775 word
837 3717 949 3775 written
960 3716 990 3775 in
1002 3715 1120 3776 modern
1129 3716 1187 3787 iuk,
1194 3715 1235 3774 H.

271 3796 285 3836 ⁸
305 3797 416 3867 H.M.;
436 3795 500 3869 His,
512 3795 552 3856 G.
673 3794 687 3834 ⁴
707 3794 810 3866 H.M.;
823 3813 938 3870 tentare,
954 3798 994 3857 G.

272 3877 285 3918 ⁵
305 3877 416 3947 H.M.;
437 3879 546 3957 Quum,
562 3876 614 3946 G;
635 3875 691 3935 and
706 3875 734 3935 so
748 3877 918 3955 throughout
933 3881 982 3938 the
997 3894 1057 3939 text
1071 3881 1155 3938 when
1168 3877 1235 3937 used

232 3980 260 4019 aa
272 3981 289 4019 a
303 3960 493 4036 conjunslion.
