3000 5152
416 288 467 395 36
688 289 786 415 'Vita
816 287 980 371 Haroldi
1005 290 1133 399 Regis.

411 500 562 576 hostium
576 499 682 576 '.''n0n
709 502 849 602 ignavie
873 503 1003 578 civium
1023 561 1031 578 .
1051 529 1123 578 non
1150 503 1303 604 denique
1319 502 1419 577 timi-

409 615 511 691 ditati
549 673 557 689 .
593 641 666 690 non
701 615 930 691 imbecillitati
965 615 1024 691 sue
1057 616 1123 691 elle
1153 616 1416 716 imputandum.

408 730 525 804 Solam
542 728 603 802 srbi
629 729 666 803 in
693 729 755 802 tali
772 747 901 805 eventu
922 730 1173 806 animositatem
1200 729 1298 805 fuisse
1323 731 1418 830 peri-
1477 797 1480 801 Α

408 843 489 918 culo
507 900 517 917 .
536 869 606 943 que
624 841 764 918 suarum
781 843 916 919 conscia
932 845 969 919 in
987 845 1091 920 rebus
1108 844 1239 919 bellicis
1255 844 1385 919 virium
1404 901 1413 918 .

364 1007 365 1010 ,
407 971 443 1029 et
459 955 685 1030 vidtoriarum
700 1013 709 1030 .
724 956 881 1032 hostilem
900 958 1163 1034 multitudinem
1181 983 1263 1032 cum
1280 957 1416 1058 paucis-

407 1072 492 1145 simo
517 1068 629 1144 milite
653 1071 847 1170 excepisset.
906 1073 1056 1147 Vincere
1082 1072 1176 1146 enim
1205 1072 1353 1146 assuetus
1378 1089 1414 1146 et

408 1184 502 1259 vinci
527 1182 659 1260 nescius
684 1184 815 1260 vimm
842 1212 898 1260 me
922 1185 971 1261 ait
998 1186 1213 1262 credidissem
1232 1186 1284 1260 ‚sr
1307 1186 1414 1286 paulo

408 1298 544 1399 segnius
579 1297 760 1375 novande¹
802 1297 953 1374 inimicis
985 1299 1168 1373 vidtoriam
1212 1299 1411 1374 retulissem.

406 1413 498 1489 cesis
516 1438 667 1513 namque
690 1411 807 1487 favore
830 1412 952 1488 divino
970 1439 989 1487 a
1006 1413 1108 1488 nobis
1136 1439 1216 1488 cum
1243 1439 1325 1515 rege
1350 1412 1413 1488 suo

405 1527 624 1629 Norwagicis
656 1526 719 1627 qui
762 1527 862 1628 regni
904 1527 1007 1602 nostri
1051 1529 1136 1602 fines
1170 1527 1214 1602 ab
1247 1527 1412 1629 aquilone

404 1640 614 1739 irruperant:
633 1640 841 1715 exercitibus
858 1658 893 1715 et
904 1641 1055 1716 ducibus
1071 1641 1195 1715 nostris
1207 1643 1252 1717 ad
1269 1642 1411 1741 propria

402 1753 546 1829 dimislis
562 1771 703 1853 repente
720 1781 740 1828 a
757 1754 900 1855 regione
917 1754 1051 1829 auſtrali
1070 1753 1295 1853 supervenere
1313 1756 1411 1828 Nor-

402 1868 532 1941 manni.
585 1866 728 1965 Quibus
762 1885 798 1942 et
832 1867 902 1968 ipse
938 1894 1018 1942 cum
1053 1869 1172 1968 paucis
1206 1868 1410 1969 repentinus

402 2007 586 2091 occurrens
620 2008 691 2056 non
726 1980 868 2056 inferior
901 1981 1036 2056 viribus
1069 2000 1130 2057 aut
1164 1981 1323 2057 animis.
1350 1981 1407 2058 sed

401 2121 548 2170 numero
582 2096 698 2172 minor
731 2096 942 2196 compressus
977 2153 985 2171 .
1022 2097 1166 2173 tandem
1201 2095 1308 2172 cecidi
1335 2122 1408 2170 non

400 2209 514 2284 vidus
540 2210 628 2283 cesli.
692 2209 778 2283 Non
806 2210 974 2283 incertam
1010 2208 1119 2311 igitur
1145 2208 1328 2284 vidtoriam
1361 2210 1407 2284 de

399 2324 527 2398 talibus
549 2322 728 2398 confestim
744 2321 919 2399 sumemus
935 2348 1025 2423 quos
1041 2338 1187 2397 eventus
1204 2348 1276 2397 non
1292 2322 1407 2397 virtus

400 2439 464 2513 hac
476 2438 552 2513 vice
565 2437 755 2538 superiores
766 2435 925 2512 ostendit.
969 2438 1135 2535 Quorum
1152 2436 1189 2510 in
1207 2436 1406 2536 propriam²

398 2552 662 2627 devotionem.
692 2566 727 2625 et
757 2548 816 2624 sua
846 2547 1065 2624 insolencia.
1094 2565 1130 2623 et
1161 2549 1274 2624 tocius
1304 2548 1407 2624 nobis

399 2665 625 2764 premeditate
666 2663 910 2766 congressionis
956 2666 1084 2740 modus
1130 2680 1165 2739 et
1205 2663 1405 2739 exacerbata

398 2779 636 2855 multitudinis
664 2777 802 2878 copiosa
827 2776 949 2853 solacia
974 2777 1200 2852 exhibebunt.
1252 2777 1340 2853 Hiis
1368 2793 1404 2851 et

397 2890 597 2993 hujusmodi
636 2894 786 2966 Saxones
828 2890 957 2965 talibus
990 2917 1133 2993 quoque
1163 2893 1280 2965 Dacos
1314 2916 1404 2991 quos

396 3004 644 3080 nichilominus
664 3003 806 3079 sollicite
823 3003 932 3080 adivit
950 3030 1015 3104 pro
1028 3004 1271 3104 expugnandis
1288 3002 1402 3079 secum

396 3117 494 3221 regni
520 3117 571 3193 sui
597 3118 812 3193 invasoribus
837 3118 1044 3218 interpellat.
1096 3120 1262 3216 Quorum
1292 3117 1402 3194 studia

395 3249 436 3308 ut
461 3233 551 3308 vidit
585 3232 622 3306 in
647 3229 781 3308 diversa
807 3231 872 3306 niti
898 3230 935 3305 in
962 3230 1054 3333 que8
1081 3229 1141 3306 sua
1173 3231 1291 3307 minus
1322 3256 1403 3331 per-

394 3373 530 3421 currere
555 3363 639 3421 vota
664 3345 780 3445 primo
798 3344 942 3446 quidem
969 3343 1121 3447 graviter
1148 3344 1249 3419 anxie
1271 3344 1401 3419 mentis

393 3459 556 3535 fluetibus
580 3459 709 3535 estuare
727 3460 819 3561 cepit
839 3517 847 3533 .
866 3460 1160 3559 vehementerque
1177 3457 1303 3534 addici.
1358 3459 1400 3532 ln

392 3575 460 3649 hoc
477 3573 609 3675 quippe
632 3591 673 3648 ut
698 3590 772 3647 erat
798 3572 1025 3675 sagacissimus
1053 3571 1225 3647 securitati
1252 3569 1310 3646 sue
1338 3597 1400 3645 rex

385 3688 462 3789 jam
471 3689 675 3789 Anglorum
693 3705 728 3762 et
742 3687 1031 3763 Normannorum
1049 3688 1124 3762 dux
1141 3701 1240 3760 caute
1258 3683 1400 3785 prorsus

591 3849 857 3920 ¹H.M.;novam
871 3848 917 3923 de,
933 3848 974 3912 G.

591 3931 605 3970 ¹
624 3929 681 4002 H.;
701 3945 845 4011 promptu,
861 3930 921 4003 G.;
942 3929 1146 4012 perpetu[am]‚
1164 3928 1210 3990 M.

587 4012 600 4053 ⁸
621 4012 684 4084 H.;
704 4013 800 4092 inque,
817 4010 904 4074 M.G.
